2846 4832
360 299 424 370 ns
448 297 633 372 clausis
652 299 973 378 nnannsunrn.
1138 254 1217 376 aaa?

140 467 188 534 Τὰ
202 467 234 557 ds
246 415 309 536 eda
323 466 425 556 νόμων
440 469 545 548 δίκαιοι
565 483 640 536 snnt
655 468 704 534 sd*
716 467 748 536 ἐν
770 479 835 546 τοῖς
855 465 960 554 νόμοις
982 472 1062 553 δὺο,
1089 471 1202 563 leg‘um

135 587 326 661 praecepta,
358 572 394 637 b.
417 597 446 641 e.
466 595 549 659 quae
569 573 659 657 leges
679 571 766 660 justa
787 599 859 642 esse
878 571 1094 666 praecipiunt.
1139 574 1201 660 Μὴ

135 669 233 756 μόνον
249 673 346 739 unice
358 697 474 742 verum
481 720 494 753 ,
517 675 717 760 alteramque
732 674 906 743 lectionem
920 673 964 759 μὴ
983 673 1088 758 μόνων
1103 675 1202 765 plane

135 795 203 840 non
224 774 395 840 ferendam
416 798 485 842 esse
506 798 558 840 res
578 774 650 864 ipsa
671 775 751 842 satis
772 777 877 844 docet.
920 777 1010 844 Aliis
1031 777 1115 866 locis
1135 769 1201 843 dif-

136 874 258 941 ficilior
278 889 327 941 est
355 876 463 965 optio,
483 875 559 952 ,ubi
580 876 773 944 adverbium
800 903 868 945 non
889 879 999 944 minus
1021 902 1118 964 quam
1141 878 1201 944 ad·

136 975 292 1065 jectivum
323 975 595 1068 poni'sermonis
627 980 826 1046 consuetudo
855 996 887 1046 et
912 979 962 1046 rei
990 979 1094 1068 ipsius
1115 979 1201 1046 ratio
1304 1029 1311 1046 .

135 1077 277 1168 patitur,
316 1095 353 1144 nt
379 1078 416 1144 in
444 1078 594 1145 codicum
615 1078 816 1147 dissensione
836 1119 881 1134 --
896 1095 933 1166 'et
953 1081 1060 1147 solent
1080 1081 1118 1147 hi
1139 1082 1202 1147 bac

136 1179 229 1245 inre
251 1180 440 1269 saepissime
456 1179 606 1264 variare,
626 1218 671 1232 --
691 1181 778 1247 nibil
800 1181 865 1248 nisi
882 1182 1202 1268 gravioremancto·

136 1281 267 1348 ritatem
289 1284 381 1368 sequi
402 1281 519 1372 possis.
562 1280 614 1348 Ita
635 1306 670 1350 v.
687 1307 724 1350 c.
745 1283 834 1348 iufra
858 1289 890 1364 9.
913 1284 955 1351 18
976 1280 1082 1372 potuit
1102 1284 1202 1350 etiam

134 1381 229 1467 μόνον
249 1377 349 1467 lerri,
377 1405 482 1470 neque
494 1398 687 1451 mutetums
703 1407 756 1450 me
777 1399 878 1469 esset,
906 1384 935 1451 si
958 1385 997 1449 de
1018 1399 1202 1452 ceterorum

136 1484 306 1570 codicum,
341 1499 471 1574 praeter
502 1483 701 1570 Vratislav.,
737 1485 885 1552 lectione
912 1484 990 1552 satis
1025 1501 1200 1554 constaret.

135 1584 304 1654 Nimirum
332 1601 437 1682 potest
464 1582 560 1670 μόνον
589 1588 642 1653 ad
662 1602 764 1653 totam
795 1587 882 1654 banc
913 1586 1097 1655 notionem
1113 1587 1209 1654 trabi

136 1684 372 1770 deterioravit
386 1712 521 1770 τουτων,
549 1687 601 1755 cui
619 1688 798 1776 opponitur
816 1687 849 1765 ἐξ
816 1681 947 1754 loiri
969 1687 1071 1776 πατὴρ
1090 1686 1208 1812 ἔπραξε,

136 1786 245 1874 (δῆλόν
273 1788 372 1876 iord·
406 1786 511 1874 μόνων
542 1804 655 1857 contra
676 1790 717 1858 ad
746 1790 854 1858 solum
880 1783 1062 1879 pronomen
1083 1787 1201 1857 τούτων

134 1890 277 1980 pertinet
307 1891 361 1957 cui
388 1889 575 1980 oppositum
605 1906 654 1960 est
685 1882 761 1968 ἐξ
738 1917 781 1957 ων
807 1888 824 1956 ὅ
846 1889 950 1977 πατὴρ
971 1889 1037 1976 ἕπρ.
1079 1891 1201 1978 Nostro

107 2027 111 2036 «
135 1981 246 2060 autem
265 1993 339 2059 loco
360 1993 451 2060 nihil
471 2015 541 2060 esse
562 2008 716 2084 apparet,
739 1994 832 2080 qnod
853 1991 1036 2083 oppositum
1059 1991 1102 2059 sit
1121 1992 1201 2060 buic
1247 2023 1252 2030 ·

133 2098 197 2160 τῶν
225 2087 404 2179 ἀλλοτρίων.
456 2094 702 2182 Tetigitbanc
731 2119 803 2161 rem
824 2094 978 2162 bromius
999 2095 1039 2160 ad
1060 2092 1200 2185 Lysiam

135 2220 168 2285 p.
190 2193 266 2268 450.
295 2196 385 2262 Add.
409 2197 516 2263 Orell.
540 2197 581 2262 ad
611 2197 714 2263 Isocr.
738 2211 820 2268 orat.
844 2195 884 2262 de
906 2211 1045 2285 permeat.
1068 2221 1101 2284 p.
1123 2197 1198 2264 217.

220 2298 253 2384 a:
271 2295 444 2382 Ιθυγατρὸς
475 2291 571 2362 αὑτοῦ
597 2298 734 2381 γνησίας.
777 2295 934 2366 Veterem
961 2297 1135 2388 lectionem
1167 2298 1200 2363 be

44 2433 48 2442 ·
134 2402 191 2484 τῆς
209 2396 370 2486 θυγιέτρὸς
389 2399 444 2464 vel
469 2413 603 2517 propter
623 2397 854 2466 soloecismum
875 2397 997 2464 mutari
1018 2399 1200 2486 oportuisse

135 2516 280 2591 apparet.
332 2500 457 2567 Addito
485 2500 576 2565 enim
607 2499 746 2566 articulo
773 2522 842 2566 nou
869 2497 974 2588 potuit
1002 2497 1200 2587 adjectivum

135 2602 341 2670 substantivo
371 2591 542 2693 postponi,
572 2601 628 2669 sed
650 2600 759 2667 medio
784 2601 858 2668 loco
886 2599 1115 2665 collocandum
1135 2601 1200 2668 fuit
1306 2649 1310 2656 -

135 2706 169 2772 ἔκ
150 2710 245 2788 κτῆς
265 2703 392 2788 γνησίας
412 2699 580 2800 θυγατρός.
622 2701 700 2790 lpsa
716 2716 826 2768 autem
842 2679 1002 2769 sebtentia
1024 2700 1199 2768 articulum

135 2817 172 2872 nt
193 2830 260 2871 nou
287 2805 426 2895 respuit,
456 2807 503 2873 ita
531 2804 609 2874 addi
629 2821 715 2872 certe
737 2827 804 2870 non
831 2803 985 2893 postulat.
1014 2801 1105 2882 ‘Fuit
1126 2804 1200 2892 qui·

137 2909 212 2975 dem
242 2931 308 2973 una
337 2921 466 2975 tantum
486 2905 620 2975 Gironis
646 2906 736 2988 filia3
768 2907 825 2972 sed
853 2906 892 2970 de
922 2905 984 2972 bac
1011 2889 1201 2996 nihildum

136 3008 342 3077 auditoribus
362 3009 531 3097 cognitnrb
553 3025 643 3094 eret,
664 3023 701 3076 ut
716 3008 848 3074 deberet
863 3006 996 3074 definite
1018 3006 1197 3094 designari,

136 3125 169 3179 et
189 3110 371 3178 adversarii
391 3113 519 3179 nullam
536 3111 640 3180 fuisse
661 3109 912 3194 contenderant,
938 3123 975 3175 ut
990 3109 1058 3200 ¹hoc
1078 3111 1214 3198 ipsum5'

134 3211 237 3280 fnisse
259 3209 391 3280 Cironis
411 3214 532 3299 filiam,
562 3212 768 3305 probandum
789 3210 896 3278 adbuc
918 3209 1042 3276 oratori
1063 3210 1117 3277 situ

207 3307 307 3382 οὗτοί
325 3335 358 3378 τε
379 3320 434 3380 τοῦ
453 3313 568 3401 κλήρου
588 3312 791 3400 λαγχάνουσιν
811 3348 865 3379 -.
907 3311 999 3378 Haec
1019 3311 1199 3400 particulae
1288 3344 1299 3350 ·

136 3417 308 3484 collocatio
327 3419 489 3503 quomodo
502 3418 637 3486 delendi
654 3440 750 3506 posse
764 3414 933 3499 videatur,
962 3412 1034 3478 dixi
1049 3413 1089 3478 ad
1112 3427 1196 3482 orat.

133 3518 176 3584 de
205 3517 403 3585 Philoctem.
430 3518 502 3584 ber.
534 3518 571 3606 ᾧ.
599 3523 632 3586 2.
690 3519 770 3586 Vim
798 3532 906 3584 autem
935 3539 973 3581 ac
1002 3513 1227 3603 gravitatem¹

127 3642 230 3707 ,quae
244 3618 330 3687 inest
354 3618 391 3685 iu
412 3619 616 3710 oppositione
637 3619 869 3711 pronominum
896 3606 985 3683 ουτοί
1000 3641 1097 3680 τε-
1116 3613 1199 3699 ἡμᾶς

135 3745 168 3786 ιι
189 3720 235 3786 ite
258 3722 390 3788 demum
410 3723 506 3810 plane
526 3722 702 3814 perspiciet
713 3769 724 3807 ,
753 3720 782 3789 si
810 3721 894 3787 illud
918 3742 1045 3807 quoqne
1063 3714 1198 3801 ’ἡμετέ-

94 3897 98 3916 Ι
136 3847 205 3908 ρου
225 3819 352 3888 πάππου
379 3837 412 3890 et
437 3820 536 3908 ἡμᾶς
563 3823 595 3888 ἐκ
623 3821 783 3909 θυγατρὸς
808 3817 894 3909 αὑτῷ
919 3846 965 3905 γυ.
986 3843 1068 3888 voce
1088 3821 1197 3886 inten-

37 3953 40 3966 ι
97 3931 102 3944 ‘
134 3924 219 3990 tiore
239 3923 447 4013 pronuntiari
468 3922 616 3991 debuisse
637 3941 767 4014 reputes
775 3949 791 3991 a
813 3927 927 3993 Noster
946 3945 1031 3994 avus.
1049 3920 1197 4005 decessit,

134 4049 190 4092 etos
214 4041 347 4116 nepotes
366 4025 531 4115 =reliquit3
566 4040 676 4093 tamen
695 4028 746 4092 ita·
763 4041 895 4115 petunt,
927 4047 983 4090 uos
1002 4023 1124 4114 injuria
1146 4024 1197 4089 as·

135 4127 261 4196 ficiunt.
282 4161 325 4179 -a
354 4124 452 4213 Quod
481 4142 591 4202 autem
618 4125 768 4215 ἡμετέρου
796 4127 843 4194 ait
869 4140 902 4192 et
928 4119 1027 4208 ἡμᾶς,
1055 4123 1197 4190 ostendit

135 4252 202 4295 non
224 4253 259 4296 ce
280 4229 389 4328 solum
415 4227 471 4298 sed
493 4229 576 4299 elios
596 4245 765 4320 praeterea
786 4253 805 4295 e
826 4225 958 4304 (tironis
983 4224 1053 4294 filla
1074 4224 1195 4290 liberos
1234 4269 1247 4298 .
1275 4241 1292 4330 Ἰ
