2846 4832
296 329 359 399 DE
381 327 690 400 APOLLODORI
710 329 1073 407 HEREDITATE.
1130 341 1210 408 365.

126 501 204 588 quid
217 502 323 568 obstet
336 525 400 588 qno
421 501 540 568 minus
544 445 717 589 Προνὰαῃς
737 501 853 569 tertiae
873 503 1103 588 declinationis
1123 531 1193 578 esse

75 619 77 624 ’
126 603 290 670 credatur.
1133 653 1135 659 ι
1211 603 1216 610 ’

167 705 248 791 9.
272 705 324 774 19.
348 702 468 773 tectae
490 679 583 788 νόμος
601 738 655 769 —-.
677 703 757 770 via.
780 704 927 772 Bnnsen.
917 730 983 793 ..p
973 709 1058 775 .27.

211 805 283 871 οὐδὲ
302 793 380 892 παρ’
403 803 509 880 αὐτοῖς
523 801 653 880 τούτοις.
695 805 761 872 Hic
775 831 902 894 qnoque
915 807 1192 898 praepositionem

124 905 283 974 Reislains
300 907 460 982 *omissam
481 909 607 974 mallet.
651 903 782 974 Sed‘cf.
806 909 855 984 ad¹
870 908 906 995 9.
920 910 962 974 ’5.

208 1015 266 1074 τοῦ
286 1007 345 1094 ’ψὰρ
360 1005 532 1085 Εὐπόλιδος
551 1008 632 1083 υἱέος
652 1005 783 1095 ἄπαιδος
799 1005 1030 1094 Ἀπολλοδώρου
1051 1010 1192 1096 τελευτή-

125 1111 250 1186 σαντος.
292 1110 345 1178 De
374 1113 438 1181 hac
466 1109 645 1181 verborum
674 1111 888 1178 collocatione
914 1112 983 1180 vid.
1015 1115 1056 1190 ad
1078 1137 1136 1180 or.
1151 1116 1191 1182 de

72 1217 77 1229 ¹
123 1212 364 1298 Philocther.
389 1213 426 1299 9.
440 1216 494 1280 22.
537 1211 609 1278 vix
630 1225 739 1278 antem
761 1236 841 1301 opus
863 1228 911 1279 est
924 1236 1078 1298 monere,
1101 1217 1190 1283 hunc

124 1293 367 1404 Apollodorum
387 1311 561 1402 Eupolidis
589 1313 615 1380 9.
638 1337 706 1379 non
736 1337 806 1380 esse
828 1315 1093 1382 confundendum
1115 1342 1190 1384 cum

55 1495 59 1498 .
124 1415 322 1502 cognomine
353 1414 531 1507 Thrasylli
561 1414 650 1498 filio,
689 1415 753 1482 de'
761 1414 853 1506 cujus
889 1440 977 1484 nnnc
1010 1418 1190 1486 hereditate

124 1531 279 1584 certatur.
1133 1539 1136 1548 ’

209 1618 316 1694 οοοίας
327 1619 379 1683 καὶ
390 1615 812 1706 carceralem—pudente
843 1620 882 1683 V
877 1621 1190 1706 elqumqmtulento·

122 1739 191 1786 rum
199 1721 399 1807 putnmomo
424 1719 478 1788 Gi.
495 1722 535 1786 de
547 1718 665 1788 Gtron
680 1721 794 1792 hered
814 1721 850 1808 9.
869 1721 926 1788 35.
957 1721 1051 1808 ἀγρᾶν
1066 1725 1189 1790 καὶτα-

66 1828 76 1834 ”
123 1819 237 1956 9άντου
250 1821 333 1914 dudi
330 1847 377 1900 ιος
393 1821 507 1900 ἄξιον.-
532 1822 621 1889 Add.
644 1821 808 1948 Fritzsch.
835 1823 985 1912 Quaestt.
1000 1823 1089 1892 Luc.
1105 1829 1187 1917 p.8.

109 1927 113 1940 ‘
206 1926 245 2012 ’9.
267 1928 321 1990 29.
341 1923 430 1990 *oi*
411 1950 460 1988 αν
457 1925 513 1988 lx
539 1929 602 1990 τιῖιν
629 1923 731 1990 αὐτῶν
761 1915 828 1989 ὦσι.
871 1925 954 1992 lta'
925 1939 1009 2015 pam
1029 1926 1187 1998 Reislsius
1258 1915 1282 1926 '⁴

120 1973 301 2112 legendnm
321 2025 479 2120 conjecit,
507 2040 540 2092 et
560 2029 734 2093 confirmat
753 2027 846 2092 hanc
859 2027 1037 2098 lectionem
1057 2043 1188 2120 prae'ter

91 2169 93 2176 ι
122 2128 240 2218 optimi
268 2127 388 2194 'codicis
415 2128 642 2194 auctoritatem
671 2127 778 2197 etiam
770 2128 949 2216 geminus
980 2133 1090 2205 locus
1100 2134 1186 2259 apud
1292 2140 1301 2158 ”

115 2229 382 2306 Demosthenem
403 2221 479 2295 adv.
503 2228 639 2294 Macart.
659 2254 695 2319 p.
719 2230 814 2312 1067,
835 2231 875 2295 8:
915 2241 1037 2316 κρατεῖν
1059 2233 1130 2297 δὲ
1112 2232 1187 2311 coda

121 2329 254 2419 αῤῥινας
274 2331 327 2395 καὶ
349 2327 557 2405 sodalitatis
579 2328 754 2416 ἇῤῥένονν,
763 2327 817 2394 ἐὰν
838 2330 871 2394 ἐκ
891 2336 954 2396 τῶν
976 2331 1078 2404 αὐτῶν
1099 2327 1184 2422 wore.

71 2431 97 2472 ’·
120 2432 195 2500 Ηοο
216 2447 325 2499 autem
345 2427 461 2496 emet
484 2429 585 2496 αὐτῶν
607 2455 704 2517 qnam
725 2430 796 2498 vim
817 2431 956 2514 haheat,·
985 2413 1185 2521 neqnellei·

121 2535 215 2602 altius
236 2558 346 2602 secum
374 2533 444 2626 ipse
465 2533 641 2609 consentit,
677 2557 781 2619 neque
802 2529 877 2596 cum
897 2530 1036 2600 Reiskio
1056 2534 1185 2604 Bnnse-

66 2645 69 2649 ’
120 2636 208 2702 nius.
251 2635 336 2702 Nem
366 2636 425 2702 ille
452 2635 584 2721 quidem
605 2634 644 2698 ad
668 2635 704 2700 h.
725 2635 751 2700 l.
774 2633 945 2700 subaudiri
971 2633 1064 2723 jubet
1085 2627 1129 2702 ὧν
1151 2640 1185 2709 αἱ

119 2734 246 2821 delleta!
264 2739 355 2816 εἰσιν,
383 2737 424 2802 ad
445 2736 705 2802 Demosthenem
720 2750 852 2818 antem,
879 2735 1038 2824 Apparet.
1061 2739 1135 2806 erit.
1151 2739 1185 2807 V

119 2864 152 2929 p.
177 2840 259 2922 113,
276 2863 331 2905 eos
352 2837 521 2923 designari
543 2837 643 2920 dicit,
674 2835 730 2923 qui
751 2837 817 2920 sint
839 2860 883 2902 ex
904 2838 1018 2903 eodem'
1033 2836 1130 2928 ¹patre
1152 2857 1185 2909 et

87 2961 94 2972 ·
120 2965 164 3008 ex
185 2941 297 3007 eadem
312 2957 434 3006 matre:
462 2964 526 3026 qno
542 2938 759 3004 excludantur
778 2939 897 3004 fratres
918 2939 1089 3008 ediversis
1111 2967 1184 3010 ma-
1220 2979 1226 2993 ,

120 3041 237 3109 tribus.
291 3041 396 3129 Atqui
422 3041 591 3123 ἀνεψιαδοῖ
613 3065 649 3110 v.
683 3065 712 3107 c.
745 3041 829 3116 duo,
861 3039 975 3109 eodem
1004 3060 1096 3132 patre
1119 3045 1181 3111 'sed

120 3144 246 3211 duabus
263 3144 434 3210 matribus
452 3142 630 3233 prognati,
663 3142 778 3208 eadem
804 3157 912 3208 tamen
939 3143 1182 3233 propinquitate

118 3243 308 3328 ἀνιψιαδοῦν
330 3244 516 3312 defunctum
535 3244 730 3330 attingunt,
757 3258 872 3308 neuter
903 3259 1019 3310 neutro
1046 3248 1182 3337 propior

44 3347 48 3356 '
119 3361 186 3428 estc
217 3363 255 3413 nt
270 3343 405 3435 prorsns'
424 3344 619 3412 incredibile
641 3345 684 3412 sit
697 3369 740 3412 ex
761 3345 814 3412 his
831 3345 971 3412 alterum
990 3347 1182 3438 incapi'en·

20 3471 22 3475 ’
63 3459 67 3469 ’
118 3448 159 3513 da
181 3447 476 3514 hereditatealteri
491 3448 652 3536 praeferri
672 3447 827 3538 potuisse.
869 3447 982 3534 Neque
1001 3447 1092 3514 illud·
1107 3451 1181 3518 ficri
1254 3485 1260 3494 ·

94 3573 95 3576 ¹
117 3561 241 3637 potest,
262 3564 298 3614 nt
318 3548 551 3629 subaudiamus
572 3551 605 3628 l}
626 3539 668 3616 ὧν
691 3548 725 3613 αἱ
745 3545 874 3634 θήλειαι.
915 3547 1002 3616 Nam
1018 3549 1074 3637 qni
1093 3549 1180 3641 ejus·

105 3649 193 3714 ‘dem
222 3649 368 3717 hominis
399 3650 544 3734 defuncti
572 3653 627 3744 vel
656 3649 823 3734 ἀνεψιαδοῖ
839 3663 921 3718 sunt
934 3652 991 3719 vel
1012 3650 1203 3736 ἀνιψιαδαῖ·

60 3753 63 3762 ’
116 3749 213 3876 αρδς
223 3749 342 3836 πατρὸς
371 3752 425 3837 (de
454 3751 506 3818 his
537 3753 670 3836 enim,
677 3777 744 3819 non
772 3753 865 3819 de”
839 3765 901 3836 rrs',
931 3752 988 3838 qni
1007 3769 1083 3824 snnt
1102 3753 1180 3840 πρὸς

60 3873 63 3878 ·
113 3850 251 3938 μητρὸς,
283 3854 340 3919 lex
359 3853 518 3940 loquitur)
540 3879 641 3941 quum
660 3855 779 3922 iisdem
800 3871 908 3946 atque
906 3852 988 3919 ille
971 3853 1178 3979 majoribus

114 3952 270 4041 prognati
297 3954 379 4038 sint,
409 3977 475 4022 non
503 3971 639 4043 possunt
666 3981 734 4024 non
759 3957 847 4023 inter
873 3979 908 4022 se
937 3956 970 4020 lx
991 3959 1053 4020 τῶν
1073 3953 1177 4026 αὐτῶν

108 4049 204 4126 εἶναι.
246 4054 344 4120 Νοα”
332 4057 438 4143 igitur
448 4051 718 4144 condicionaliter
733 4060 796 4124 hoc
811 4079 890 4147 pont
880 4057 1068 4140 debebat..
1084 4058 1177 4143 qnasi
1215 4130 1218 4136 ,

114 4155 188 4222 fleri
209 4157 307 4223 etiam
328 4173 436 4246 posset
443 4205 463 4242 ,ι
476 4172 514 4224 ut
528 4183 594 4225 non
613 4176 719 4225 essent
733 4159 771 4224 ix.
780 4165 843 4232 τῶν
865 4155 976 4230 αὐτῶν.
1018 4156 1176 4224 An--forte

116 4279 171 4324 eos
193 4267 322 4328 tantum
344 4258 531 4352 ἀνεψιαδοῦς
552 4275 583 4328 et
609 4259 945 4355 intuendicsintelligi
964 4259 1091 4344 voluit,
1107 4259 1175 4356 ‚qui
