2942 4842
244 347 336 416 ‚cae
451 309 454 316 ’
553 301 974 415 'nonancurte

354 516 451 602 μηδδε
488 513 608 582 τούτων
640 514 784 600 γενέσθαι
820 515 888 601 περὶ
916 519 972 599 τῆς
1006 513 1151 602 δῃεεηιῆς
1179 516 1322 601 γυναικός.

271 621 380 704 »Περὶ
409 619 493 686 Ιιειιε
522 617 552 684 si
577 616 693 700 habet,
727 614 832 706 accipi
851 616 947 683 debet
971 639 1031 707 pro
1052 611 1143 703 italo,
1176 618 1212 685 in
1232 643 1321 688 musa

270 745 306 788 v.
328 720 370 787 ad
397 719 654 788 emolumenturn
673 715 848 784 foeminas.
890 717 988 786 Alias
1008 719 1073 806 leg.
1094 718 1154 786 sits
1188 718 1269 805 παρὰ
1288 745 1319 788 v.
1424 797 1426 822 γ

269 819 382 908 δεέρ.“
422 819 532 886 aaut.
555 817 667 905 Neque
682 819 878 886 mutandum
890 835 940 887 est
959 821 1027 907 aspi
1040 843 1146 907 nequo
1158 820 1252 909 plane
1266 845 1321 910 pro
1425 839 1426 844 ’

269 919 348 1008 ὑπέρ
369 919 606 1012 accipiendum.
648 919 816 988 Nimirum
831 916 907 1006 ὑπέρ
927 943 1010 997 τινος
1028 921 1186 1006 γίγνεσθαι
1199 922 1321 1002 dicitur,
1425 971 1426 1010 ι

202 1073 212 1096 .
271 1023 356 1111 quod
384 1023 420 1088 in
448 1020 587 1112 alicujus
618 1021 827 1098 commodum
854 1023 912 1107 iit,
948 1023 1019 1110 aspi
1041 1046 1123 1099 τινος
1150 1024 1321 1109 autemid,

200 1151 203 1158 ¹
269 1123 356 1212 qnod
378 1123 489 1210 aliquo
519 1123 617 1190 modo
638 1124 779 1213 pertinet
799 1123 841 1190 ad
863 1124 1023 1211 aliquem,
1050 1123 1086 1189 in
1109 1147 1172 1211 quo
1193 1123 1321 1216 alicujus

270 1247 366 1292 causo
387 1225 516 1312 agitare
554 1223 589 1292 id
611 1225 697 1312 quod
726 1225 782 1293 vel
801 1225 923 1292 damno
942 1227 999 1292 vel
1020 1226 1239 1292 emolumento
1259 1249 1322 1292 esse

268 1340 392 1416 potest3
426 1349 490 1413 quo
515 1327 553 1392 fit
581 1340 617 1392 ut
645 1325 840 1394 commutari
866 1323 943 1413 inlp
973 1349 1048 1394 cum
1074 1315 1145 1412 ’περί
1168 1350 1233 1392 non
1252 1349 1322 1392 raro

268 1427 389 1519 possit,
421 1449 523 1515 quum
551 1453 587 1494 re
612 1443 723 1494 tamen
753 1426 825 1518 ipsa
853 1427 1022 1495 diversum
1050 1427 1106 1496 sit.
1159 1423 1222 1496 Sed
1248 1429 1322 1494 haec

268 1526 402 1616 longina
418 1527 566 1618 persequi
581 1543 614 1594 et
636 1530 676 1595 ad
693 1529 774 1596 alias
786 1553 913 1619 quoque
927 1528 1137 1617 loquutiones
1151 1529 1321 1614 poducere,

268 1629 305 1696 iu
327 1629 444 1717 quibus
466 1629 801 1721 tenuissimnmsaepe
823 1646 872 1698 est
891 1630 1061 1718 utriusque
1080 1629 1321 1720 praepositionis

270 1730 467 1815 discrimen,
494 1753 561 1798 non
574 1746 621 1797 est
636 1731 735 1822 hujus
754 1731 840 1816 loci3
866 1756 972 1820 neque
993 1733 1032 1800 de
1052 1719 1129 1818 διιὶρ
1143 1733 1215 1802 vice
1235 1753 1322 1801 versa

190 1851 196 1872 ⁸
267 1857 330 1923 pro
344 1833 416 1918 nep!
422 1831 527 1922 posito
543 1855 632 1898 nnnc
650 1833 816 1924 disputare
829 1833 956 1902 attinet.
998 1833 1118 1900 Nostro
1133 1851 1239 1900 autem
1256 1833 1346 1898 loco'

269 1935 337 2018 capi
354 1947 488 2023 apparet
508 1931 596 1998 idem
614 1956 684 2000 esse
703 1957 742 2001 ac
762 1934 791 2000 si
811 1933 917 2003 dicasc
948 1937 990 2000 Ιει
1011 1935 1135 2001 Saclten
1156 1936 1213 2007 der
1231 1927 1328 1999 Frate)

353 2033 390 2122 ᾖ.
414 2034 467 2102 10.
490 2031 557 2100 ὅσοι
577 2071 620 2086 --
640 2035 821 2122 διελησδαζον
842 2034 930 2122 αὐτῇ.
971 2034 1046 2102 Hoc
1065 2034 1182 2102 itidem
1202 2051 1238 2101 ut
1254 2039 1322 2120 χρῆ·

269 2141 349 2202 σθαι
379 2136 420 2202 de
449 2158 486 2201 ro
511 2139 652 2203 reuersa
679 2135 746 2202 dici
776 2135 983 2202 notissimum
1011 2152 1070 2204 est.
1121 2134 1174 2204 Gi.
1198 2133 1320 2205 Schaef.

268 2238 357 2327 App.
386 2235 462 2304 crit.
490 2235 540 2303 lv
568 2261 601 2326 p.
633 2225 697 2304 539
724 2251 757 2302 et
782 2235 905 2303 Baehr.
937 2237 978 2304 ad
1006 2236 1178 2328 Plutarch.
1204 2238 1321 2328 Pyrrh.
1359 2247 1370 2332 J

222 2413 226 2422 ,
268 2365 303 2430 p.
311 2336 481 2406 tta-ln
489 2339 698 2425 sequentibus
711 2339 803 2426 vulg.
820 2335 974 2404 lodedriau
991 2338 1136 2406 dubitari
1151 2364 1216 2411 uon
1224 2355 1320 2430 potest

269 2439 347 2528 quin
377 2440 590 2530 depravatum
618 2440 672 2506 sit.
721 2438 798 2507 Non
824 2442 1003 2526 ρενιιιὼειιιιι
1028 2439 1226 2508 Nicodemus
1251 2462 1320 2507 aaa

269 2564 416 2610 sororem
436 2541 570 2632 Pyrrho
598 2540 728 2608 dixerat
756 2542 834 2627 (hoc
855 2542 943 2608 enim
965 2558 1013 2610 est
1034 2538 1199 2627 ἐνδιδόναι)
1220 2539 1273 2609 sed
1293 2542 1324 2605 ιἰι

268 2644 494 2710 matrimonium
524 2637 726 2725 collocatam,-
762 2643 797 2709 id
834 2668 923 2710 nunc
955 2667 1031 2710 cum
1068 2646 1186 2720 acerba
1221 2641 1322 2710 ironia

268 2745 495 2832 redarguiturc
528 2745 656 2829 aulicae,
678 2745 736 2825 ait,
759 2747 921 2812 collocavit
940 2769 1009 2810 eom
1023 2746 1130 2811 eodem
1143 2747 1244 2830 modo,
1271 2767 1324 2832 pao

259 2847 333 2933 jum
354 2860 449 2912 actea
469 2848 578 2912 ceteris
598 2847 708 2926 etium,
740 2848 795 2932 qui
811 2871 877 2912 rem
895 2871 965 2920 cum
986 2871 1024 2911 eu
1044 2847 1160 2914 lubere
1179 2848 1322 2924 solebmtt,

269 2951 488 3014 collocaverat.
531 2947 625 3013 luter
649 2945 825 3033 διεδεδώκει,
852 2949 937 3035 quod
957 2946 1069 3015 Bekk.
1099 2971 1117 3014 e
1139 2949 1227 3040 conj.
1247 2945 1323 3014 scri·

268 3048 333 3138 psit
341 3093 366 3131 ,-
382 3063 414 3114 et
441 3043 590 3129 ἐδεδώκει,
622 3049 707 3136 quod
729 3048 823 3134 codd.
846 3049 987 3134 habent,
1014 3035 1181 3118 difficilius
1208 3064 1254 3116 est
1275 3045 1321 3112 di·

269 3148 426 3242 judicare.
471 3149 556 3216 Nam
578 3149 638 3217 etsi
657 3149 785 3217 ironiae
806 3151 914 3239 magis
935 3151 1215 3219 accommodatum
1234 3149 1321 3215 vide·

267 3266 322 3316 tur
353 3247 523 3330 διεδεδώκει,
556 3265 668 3341 utpote
694 3254 757 3320 hac
787 3251 824 3319 in
854 3277 889 3320 re
916 3252 1088 3342 proprium
1120 3268 1152 3319 et
1183 3254 1224 3319 ab
1255 3251 1321 3340 ipso

268 3366 398 3418 oratore
423 3353 535 3440 paullo
554 3368 630 3424 aute
656 3361 868 3444 usurpatum,
898 3368 1009 3421 tamen
1029 3353 1129 3422 etiam
1150 3351 1267 3420 διδόναι
1286 3351 1322 3416 do

269 3452 468 3519 collocandis
489 3453 684 3528 mulieribus
696 3479 765 3522 uon
781 3478 894 3523 rarum
907 3470 965 3527 cst.
1008 3454 1087 3522 Vid.
1110 3456 1150 3522 de
1166 3455 1320 3536 Dicaeog.

267 3556 341 3621 her.
365 3553 401 3642 ξ.
423 3555 477 3620 26.
500 3554 673 3624 Demosth.
697 3557 772 3625 adv.
797 3555 899 3648 Spud.
921 3583 955 3648 p.
977 3556 1072 3640 1028,
1093 3559 1148 3624 23.
1171 3557 1264 3640 1029,
1290 3551 1319 3617 4.

267 3655 380 3743 ltaque
400 3654 595 3723 Bekkerum
614 3657 804 3748 vituperare
831 3667 898 3727 n'on
920 3681 1073 3748 possum,·
1096 3657 1242 3741 imitari,
1271 3653 1321 3720 ni·
1427 3737 1428 3750 χ

267 3756 331 3824 ntis
362 3758 500 3824 fortasse
537 3757 732 3844 religiosus,
767 3751 838 3828 nou⁸
862 3758 977 3826 audeo.
1005 3795 1049 3810 ··-
1091 3758 1188 3842 Quod
1218 3771 1320 3824 autem
1427 3763 1428 3772 ’

266 3857 452 3926 Bernhard.
481 3855 624 3951 Syntax.
653 3884 686 3950 p.
709 3863 774 3928 38⁰
800 3858 935 3927 idedeina
962 3859 1173 3954 hypothetice
1204 3857 1327 3924 dictum

267 3974 299 4026 et
325 3958 365 4024 ἄν
391 3959 549 4027 omissum
576 3984 646 4028 esso
674 3963 805 4043 statuit,
832 3964 969 4032 ‚videtur
995 3962 1081 4028 mihi
1106 3961 1173 4028 loci
1193 3974 1319 4028 senten·

266 4059 347 4127 tiam
373 4085 441 4128 non
467 4060 684 4158 perspexisse.
739 4063 839 4131 Nulla
857 4064 921 4131 ›hic
952 4077 1001 4131 est
1025 4061 1236 4155 hypothesis,
1267 4056 1322 4125 sed

266 4161 411 4247 ironica,
437 4167 475 4228 itt
495 4161 587 4242 dixi,
614 4165 801 4233 affirmatio.
1246 4233 1249 4241 ,

289 4323 296 4332 .
350 4263 387 4352 §.
410 4261 463 4331 11.
496 4262 599 4351 κοινὴν
628 4264 726 4353 utitis
744 4264 976 4355 ὡμολογήκασιν
996 4263 1073 4336 elem
1092 4270 1149 4335 soii
1175 4259 1321 4347 βουλιμί-
