2910 4830
274 295 341 370 stt
622 288 674 363 lli
693 280 975 363 ORATIONEM

274 455 374 541 unos
391 461 584 550 ἰιιιιιιιιη
605 461 752 555 pomum
771 459 856 528 ineu
877 458 1023 545 rento,
1048 457 1136 546 quau
1157 443 1337 530 auven'nn

275 557 404 633 mentiti
425 582 536 654 erant,
557 587 627 634 esse
647 588 703 633 eos
724 586 744 630 e
764 561 838 630 cive
851 559 978 647 Attica,
1002 557 1152 653 (lallippe
1166 560 1336 633 Pistoxeni

273 669 363 753 fllia,
393 666 543 758 legitimo
557 665 769 736 matrimonio
788 677 992 758 procreatosr
1022 661 1140 730 deinde
1160 664 1253 752 enjus
1273 665 1336 732 siut

274 771 337 839 dlii
359 771 513 862 exponit,
540 783 706 855 totamque
726 775 798 832 'rem
819 765 859 832 de
875 763 1085 832 lluctemonis
1106 767 1336 834 consuetudine

275 891 352 940 cnm
372 874 475 956 Aloe,
508 891 623 937 eorum
644 884 768 947 matre,
795 867 836 933 de
856 864 956 954 hujus
977 865 1127 947 mulieris
1148 880 1246 954 etque
1265 867 1337 936 An·

276 973 399 1042 droelis
429 988 462 1040 et
481 971 640 1040 Antidori
667 969 855 1048 fraudibus,
886 981 924 1036 ut
943 963 1155 1036 Euctemouis
1176 983 1337 1038 senectute

273 1089 322 1143 et·
338 1074 480 1143 amentia
509 1070 604 1140 abusi
623 1071 710 1157 sint,
746 1083 908 1159 quamqne
935 1081 968 1137 et
986 1067 1072 1138 vivo·
1087 1068 1288 1137 Euctemone
1308 1086 1338 1139 et

273 1191 347 1268 post
361 1175 431 1270 ejus
445 1189 584 1243 mortem
599 1165 714 1253 avide,
741 1171 946 1262 petulanter,
978 1170 1105 1238 nelarie
1125 1171 1266 1259 egerint,
1293 1172 1337 1240 ita

273 1277 448 1364 describit,
476 1285 513 1344 ut
533 1297 602 1342 non
621 1273 747 1364 possint
767 1273 933 1340 auditores
963 1293 1031 1338 non
1051 1295 1180 1340 summe
1198 1274 1263 1360 ira
1291 1283 1338 1342 at'·

246 1391 249 1398 '
274 1403 337 1469 que
357 1378 585 1468 indignatione
606 1366 805 1468 permoveri.
837 1373 1046 1442 'Revertitur
1066 1372 1145 1441 dein'
1164 1399 1222 1461 eo,
1253 1377 1337 1464 qnod

275 1479 459 1550 adversarii
480 1493 632 1547 testatum
654 1487 726 1545 esse
744 1475 1029 1544 Philoctemonem
1050 1485 1274 1562 negaverant,
1295 1477 1338 1544 si·

273 1583 409 1671 mulqte
439 1605 482 1648 ne
511 1579 643 1646 licuisse
664 1577 797 1667 quidem
827 1576 859 1644 ei
879 1576 992 1644 testari
1012 1576 1258 1648 contenderant.
1300 1577 1338 1646 ld

273 1707 355 1754 vero
375 1705 509 1774 prorsus
538 1680 747 1769 impudenter
774 1681 897 1748 lactum
918 1697 1004 1746 essse.¹
1041 1677 1126 1747 Nam
1148 1681 1219 1749 sive
1240 1695 1338 1748 teste·

273 1799 326 1852 tns
357 1784 400 1851 sit
421 1801 521 1871 qunm
548 1780 661 1847 testari
679 1805 748 1847 non
776 1780 929 1864 licuerit,
960 1780 1024 1847 hoc
1044 1778 1175 1868 ipsum,
1201 1806 1275 1850 uon
1296 1781 1338 1848 li·

274 1885 408 1970 euisse,
441 1883 541 1976 etiam
572 1883 609 1948 in
644 1883 851 1970 διαμαρτυρίᾳ
887 1881 1091 1972 ponendum,
1130 1907 1198 1951 nou
1228 1885 1338 1952 solum

272 1986 383 2055 verbis
404 1986 441 2052 in
462 1982 604 2051 anserisi
624 1984 856 2073 proterendum
876 1983 995 2067 luisse,
1023 1982 1094 2053 sive
1115 2008 1181 2053 non
1202 1999 1338 2053 testatos

273 2087 334 2172 sit,
370 2108 437 2154 non
465 2083 646 2175 oportuisse
672 2107 728 2151 eos
754 2085 964 2174 διαμαρτυρίᾳ
993 2085 1053 2152 ills
1073 2084 1139 2171 nti,
1169 2100 1348 2174 tamquam„

272 2201 334 2280 pro
361 2187 440 2255 filiis
469 2184 678 2254 Euctemonis
707 2184 887 2273 legitimis,
919 2187 976 2254 sed
1006 2202 1095 2255 recto
1121 2186 1246 2278 judicio
1279 2187 1361 2274 (ita

274 2289 364 2361 enim
384 2289 496 2358 licebit
516 2309 671 2376 graecum
691 2285 850 2377 εὐθυδικίᾳ
870 2289 1075 2375 convertere)
1096 2287 1148 2380 jos
1164 2310 1263 2357 snum
1278 2313 1338 2357 ex·

272 2390 387 2483 periri.
438 2389 570 2460 Etenim
598 2390 827 2476 διαμαρτυρίαν
857 2391 985 2457 nullam
1012 2390 1112 2457 sliam
1133 2391 1175 2458 ob
1203 2409 1338 2460 causant

273 2514 343 2562 esse
363 2490 590 2582 interpositam
601 2537 612 2576 ,
649 2489 715 2558 nisi
735 2506 789 2576 ut,
821 2489 951 2558 etiamsi
972 2513 1060 2559 nnnc
1080 2492 1257 2561 vincantur
1279 2517 1338 2561 ne·

273 2619 336 2683 que
354 2579 540 2686 potia'ntur,
561 2592 701 2660 istorum
714 2592 917 2685 pupillorum
933 2615 1069 2660 snorum
1087 2593 1239 2691 nornine,
1268 2593 1338 2662 llu-

273 2695 431 2764 ctemonis'
458 2693 577 2779 bonis,
609 2710 718 2761 tamen
743 2694 869 2784 possint
896 2695 995 2762 etiam
1024 2710 1158 2783 postea,
1197 2695 1228 2762 si
1258 2721 1338 2787 pro·

271 2796 465 2864 nunciatum
484 2796 605 2881 luerit,
643 2795 856 2864 hereditatem
883 2795 922 2862 in
940 2798 1202 2882 controversiam
1221 2797 1337 2866 vocari

271 2899 390 2984 licere,
432 2921 491 2966 suo
518 2896 582 2965 sibi
609 2897 743 2994 nomine·
757 2961 760 2968 ,
775 2897 890 2964 eadem
918 2911 1044 2986 petere'
1097 2899 1207 2985 Atque
1235 2923 1337 2987 quam

131 3079 135 3084 Ι
272 3001 366 3067 nulla
386 2999 428 3066 iis
448 3000 528 3066 fides
548 2998 698 3065 habenda
719 2996 780 3078 sit,
813 3000 869 3066 vel
889 3023 929 3066 eo
951 3019 1129 3090 apparere,
1160 3001 1248 3087 qnod
1271 3000 1338 3091 ipsi

272 3099 338 3168 sibi
365 3100 529 3168 contraria
561 3113 680 3187 egent,
716 3121 816 3188 quum
842 3101 1025 3168 Androcles
1057 3115 1090 3168 et
1108 3101 1231 3183 ,utiam
1269 3103 1337 3170 sibi

271 3200 484 3270 Euctemonis
511 3187 680 3286 tamqnam
707 3191 886 3290 ipielernm
913 3201 949 3268 in
980 3202 1231 3270 matrimonium
1259 3201 1336 3282 dari

271 3301 404 3394 petierit
418 3326 420 3334 ¹
433 3323 510 3369 cnm
536 3300 649 3389 quinta
678 3318 769 3393 parte
795 3303 1009 3390 hereditatis,
1038 3318 1076 3371 nt
1095 3327 1179 3391 quse
1200 3304 1337 3382 intimae

272 3417 378 3490 esset,
414 3417 446 3470 et
466 3403 674 3493 διαμαρτυρίᾳ
705 3405 916 3493 interposita,
948 3405 1205 3494 qnesi'legitimi
1226 3421 1337 3476 essent

212 3529 213 3534 ¹
271 3501 585 3589 Euctemonis'tilii,
620 3505 752 3572 ίιιίδιιιυι
778 3507 999 3576 hereditatem
1015 3531 1085 3576 esse
1105 3508 1290 3596 negaverit.

354 3604 507 3692 Denique
528 3630 629 3693 quum
650 3608 750 3674 etiam
769 3607 931 3676 invidiam
953 3607 1202 3695 Chaerestrato,
1232 3608 1337 3678 mise·

270 3704 448 3774 ricordiam
474 3708 611 3797 popidis
640 3707 709 3776 suis
730 3709 908 3777 eoncssiare
929 3713 1095 3797 studeant,
1123 3709 1223 3776 illum
1245 3711 1337 3796 divi·

269 3822 356 3894 tem,
386 3810 604 3878 ltosmiseros
618 3824 714 3896 atque
734 3827 853 3896 egenos
875 3835 946 3881 esse
967 3807 1126 3898 dieentes,
1149 3810 1229 3878 ltuie
1249 3835 1337 3900 qno-

269 3933 332 3997 que
352 3911 492 3979 artitioio
511 3911 559 3979 ita
580 3911 722 3978 occurrit
744 3928 873 3998 orator,
910 3929 947 3981 ut
968 3913 1101 3983 divitias
1121 3907 1202 3981 illas
1222 3911 1336 3980 Chae-

269 4028 442 4082 castratum
452 4013 578 4104 pariter
588 4027 684 4102 atque
696 4013 838 4106 majores
853 4013 921 4106 ejus
936 4015 974 4084 in
990 4015 1040 4083 'rei
1059 4015 1211 4106 publicae
1223 4015 1334 4104 magis

269 4137 367 4201 quam
386 4115 424 4182 in
446 4137 522 4183 suos
543 4135 620 4183 usus
642 4115 843 4190 convertisse
863 4131 896 4186 et
915 4119 971 4188 vel
990 4131 1125 4210 propter
1144 4117 1232 4186 hanc
1252 4139 1333 4186 oeu-
