2846 4832
220 307 284 374 ese
412 277 417 288 '
582 293 929 366 monumentor

223 471 289 540 cio.
345 469 430 538 Nam
450 492 519 535 non
539 489 617 540 raro
643 479 770 532 veteres
791 478 937 529 oratores
957 461 1077 530 iisdem
1097 462 1200 548 locis,
1230 479 1293 530 aut.

223 573 315 640 nulla
337 585 394 637 sut
414 569 535 656 exigua
552 569 731 636 verborum
751 563 950 644 mutatione,
979 563 1017 629 in
1038 565 1191 650 pluribus
1212 589 1288 630 ora-
1312 627 1323 654 ⁸

223 673 369 740 tionibus
385 667 474 736 'usos
505 693 575 737 esse
594 667 668 756 quis
689 680 738 732 est
758 666 814 752 qui
834 666 990 752 ignoret?
1020 662 1118 731 conf.
1140 665 1287 758 Dionys.

224 773 265 840 de
285 771 460 864 Lys.·jud.
482 795 515 860 p.
537 770 600 836 491
622 784 656 835 et
674 767 792 834 Reisk.
815 768 860 833 0.
884 765 998 854 (ΠΙ
1018 790 1052 855 p.
1075 765 1150 834 195.

307 873 345 959 ᾖ.
366 873 420 938 29.
451 876 513 936 τῶν
532 871 589 954 μὲν
609 873 749 934 παλαιόν
775 865 871 949 ἀκοὴν
889 863 1133 949 μαρτυρούντων
1154 863 1289 952 παρεχό-

222 997 324 1058 μενος.
373 971 485 1056 Quum
512 987 665 1058 sequatur
694 974 756 1034 τῶν
784 967 816 1032 δ’
845 967 888 1032 ἔτι
908 963 1029 1045 ζώντων
1048 968 1128 1034 huic
1148 975 1212 1033 τῶν
1233 969 1289 1052 μὲν

224 1079 362 1140 παλαιῶν
389 1071 588 1160 oppositum3
619 1071 683 1136 boc
704 1079 831 1157 quoque
852 1070 893 1136 de
913 1067 1123 1148 bominibus,
1157 1093 1228 1135 non
1250 1071 1290 1135 de

224 1178 323 1243 rebus
350 1173 575 1261 accipiendum
599 1171 709 1239 videri
734 1170 847 1260 possit.
900 1168 948 1235 At
967 1168 1029 1235 vix
1054 1193 1116 1256 ego
1145 1171 1314 1238 arbitror

144 1301 155 1326 ⁰
224 1275 378 1349 παλαιοὺς
406 1273 473 1339 dici
499 1296 602 1362 posse·
623 1271 791 1367 homines,
830 1269 887 1358 qui
913 1285 983 1336 tam
1009 1270 1105 1338 brevi
1133 1287 1209 1338 ante
1231 1295 1291 1339 nos

224 1395 371 1468 tempore
398 1374 575 1454 vixerunt,
604 1389 735 1464 patrum
755 1385 945 1438 nostrorum
965 1373 1130 1459 aequales.
1152 1368 1155 1371 ’
1174 1372 1291 1462 Itaque

225 1480 386 1546 derebus
417 1476 564 1564 accipere
584 1476 720 1559 malim,
751 1487 788 1540 ut
816 1472 979 1561 genitivus
999 1473 1043 1538 sit
1064 1473 1202 1564 objecti,
1231 1499 1292 1563 pro

224 1581 292 1665 περὶ
318 1583 382 1646 τῶν
409 1581 547 1640 παλαιῶν
553 1623 563 1655 ,
595 1586 628 1643 et
648 1574 808 1665 oppositio
830 1574 874 1640 sit
892 1575 1019 1640 formae
1039 1575 1149 1662 potius
1170 1577 1294 1643 verbo·

224 1705 301 1747 rum
328 1677 716 1766 quamsiguilicatiouis.
764 1675 873 1763 Atque
901 1676 982 1740 haec
1002 1673 1137 1741 Reiskii
1164 1701 1294 1763 quoque

225 1779 386 1850 sententia
411 1791 470 1844 est.
513 1776 567 1842 Dc
598 1777 693 1861 ἀκοὴν
713 1773 952 1862 μαρτνροόντων
976 1775 1047 1843 vid.
1070 1776 1112 1842 ad
1136 1783 1170 1857 θ.
1193 1780 1227 1844 6.
1250 1815 1294 1828 -

224 1882 344 1950 Paullo
364 1880 453 1945 iufra
473 1875 602 1954 τούτους
613 1917 656 1930 -
673 1875 862 1965 πεφευγότας
875 1875 1031 1943 Reiskius
1049 1879 1194 1966 pendere
1215 1903 1295 1945 ceu·

226 1998 275 2048 set
296 2004 316 2045 a
336 1981 440 2046 ve‘rbo
467 1977 690 2066 παρεχόμενος,
722 1978 899 2045 autetiam
931 1979 1160 2066 epracmissis
1174 1979 1296 2054 -ἐπιδεν-

206 2078 301 2158 ,κνός
326 2081 543 2169 supplendum
571 2105 652 2148 esse.
695 2080 743 2147 At
768 2080 832 2146 boe
853 2079 985 2166 quidem
1006 2079 1106 2146 nimis
1127 2093 1296 2178 remotum

118 2264 121 2276 ἢ
227 2197 276 2250 est
302 2206 407 2269 neque
434 2183 474 2247 ad
503 2181 601 2273 hujus
626 2180 769 2247 membri
783 2176 1070 2248 'constructionem
1101 2183 1173 2247 ullo
1195 2184 1296 2249 modo

226 2283 390 2374 pertinere
401 2298 506 2373 potest
512 2309 523 2365 3
554 2278 795 2368 οπορεχόμενος
814 2297 923 2348 autem
943 2282 996 2349 illi
1013 2283 1192 2350 accusativi
1212 2271 1302 2373 penss

227 2387 305 2452 dere
326 2408 394 2450 uon
408 2399 564 2474 possunt,
592 2385 657 2452 uisi
680 2384 861 2469 zeugmatis
880 2387 987 2470 figura
1009 2399 1175 2450 oratorem
1195 2408 1296 2451 usum

227 2509 297 2554 essa
318 2500 458 2571 statuas,
486 2501 524 2551 ut
544 2484 782 2569 οπαοεχόμενος
796 2485 1064 2572 subintelligatur
1075 2487 1162 2552 illud
1184 2487 1297 2577 ipsum

227 2583 392 2663 ἐπιδεικνύς
412 2604 472 2653 aut·
483 2589 549 2654 tale
564 2587 653 2675 quid.
698 2583 764 2652 Sed
781 2585 869 2652 nibil
883 2587 990 2653 obstat
1001 2611 1065 2673 quo
1086 2587 1198 2654 miuus
1212 2589 1298 2655 baec

228 2713 355 2776 quoque
375 2689 477 2755 verba
498 2688 660 2777 pendeant
680 2711 700 2752 a
720 2687 875 2775 proximo
897 2685 1079 2773 συνῄδεσαν.

230 2801 233 2806 ’
312 2789 350 2880 ᾖ.
372 2791 424 2855 30.
445 2788 534 2854 Hinc
554 2787 623 2877 jam
644 2790 782 2855 alteram
802 2784 1009 2878 probationis
1027 2803 1156 2878 partem
1176 2813 1298 2878 aggre·

180 2887 182 2894 ⁴
228 2891 336 2976 ditur,
366 2904 403 2955 ut
418 2913 514 2955 suum
535 2888 605 2980 jus,
632 2903 743 2978 utpote
765 2890 891 2981 nepotis
912 2913 957 2955 ex
975 2890 1063 2974 filia,
1093 2890 1204 2980 potius
1224 2916 1299 2959 esse

228 2993 446 3074 demonstret,
484 3011 582 3077 quam
608 2989 810 3076 adversarii,
841 2991 954 3057 fratris
981 2991 1056 3059 filii.
1116 2991 1297 3080 Propiores
1404 3035 1405 3038 =

228 3090 318 3158 'enim
348 3115 417 3158 esse
448 3090 520 3164 τοὺς
548 3087 690 3173 ἔκγόνοος
719 3113 817 3178 quam
846 3091 920 3166 τοδς
951 3101 1119 3176 συγγενεῖς,
1158 3093 1234 3168 τοὺς
1264 3094 1298 3170 ἔξ

231 3191 346 3259 {celsos
366 3187 528 3276 γεγονότας
541 3215 640 3276 quam
659 3191 733 3268 τοὺς
752 3193 822 3274 μετ’
835 3193 949 3258 ἐκεῖνον
970 3191 1101 3279 φόνιος,
1124 3195 1212 3280 quod
1234 3218 1297 3261 uos

228 3281 389 3376 dicimus,
420 3292 636 3357 descmdentes
659 3294 831 3382 propiores
861 3318 1052 3381 essequam
1083 3298 1296 3361 colluterules.

228 3393 325 3462 Geni.
355 3393 502 3459 Bunseu.
536 3393 576 3458 de
602 3393 632 3461 l.
661 3394 734 3461 ber.
764 3418 840 3482 pag.
863 3399 885 3461 7
905 3419 954 3481 sq.
1000 3394 1121 3472 Ἁσλῶς
1147 3395 1296 3481 φανερόν,

225 3495 259 3560 in
279 3496 451 3559 εναίνννεανε
470 3495 547 3557 sutis
562 3496 777 3581 perspicuum,
799 3497 855 3562 sed
871 3497 955 3583 quod
977 3485 1088 3562 tamen
1110 3498 1296 3564 accuratius

226 3593 418 3682 siugulatim
432 3593 723 3670 demonstrandum
740 3597 800 3680 sit,
827 3597 969 3683 idquod
983 3621 1018 3664 se
1034 3599 1203 3664 facturum
1221 3601 1297 3687 pol-

179 3725 183 3732 *
225 3696 363 3762 licetur:
392 3692 605 3781 ἀκριβέστερον
624 3693 796 3779 διδάξομεν.
838 3695 866 3762 F
868 3699 1106 3786 allitur'itaque
1124 3698 1295 3784 Reiskius,

227 3818 328 3882 quum
350 3795 586 3880 corrigendum
600 3814 692 3890 putat
711 3800 763 3862 καὶ
784 3804 878 3862 πᾶσιν
898 3795 987 3881 όμΐν,
1012 3815 1051 3864 ut
1071 3796 1176 3875 ἁπλῶς
1189 3800 1296 3887 signi·

226 3899 301 3960 ficet
317 3917 461 3980 prorata,
492 3899 556 3963 sinc
585 3889 789 3986 exceptione,
822 3901 874 3964 ecl
900 3913 1008 3965 autem
1030 3915 1105 3966 aute
1126 3905 1223 3966 πᾶσιν
1241 3901 1295 3967 in-

228 3995 395 4080 tensivum
411 3996 465 4066 sit.
509 3999 594 4066 Nam
607 3999 706 4085 alias,
729 4000 795 4084 ait,
818 4000 940 4067 omisso
958 4005 1066 4085 πᾶσιν,
1087 4002 1174 4068 illud
1190 4001 1297 4077 ἅπλῶς

226 4096 263 4165 vi
290 4112 416 4193 careret
442 4102 604 4190 planeque
630 4123 908 4192 supervacaneum
936 4115 1031 4166 esset.
1075 4099 1129 4168 De
1143 4092 1296 4169 ⁴formula

228 4201 293 4304 πῶς
317 4195 395 4286 γόος
429 4203 577 4268 omnium
595 4201 872 4290 ¹frequentissima
897 4201 968 4270 vid.
989 4199 1224 4272 Hemsterhus.
1254 4202 1295 4271 ed
