2824 4844
303 391 560 466 onustottts
580 394 675 466 etto
695 397 979 472 fluentium
1111 405 1177 475 tut

115 559 376 650 quandoquidem
404 562 491 630 dixit
517 587 631 654 reapse
654 565 891 636 testimonium.
933 570 1047 657 Neque
1071 570 1175 658 igitur

114 661 293 730 audiendus
314 661 520 754 Sylburgus,
553 667 609 753 qui
627 677 818 752 μαρτυροῖμι
837 669 945 758 potius
965 673 1175 740 scribendum
1204 741 1207 752 ,

114 778 221 830 censet
241 781 375 854 propter
392 781 582 853 sequentem
600 768 782 858 optativuiu
803 772 980 855 φαινοίμην.
1021 771 1174 842 Diversis

113 866 219 934 modis
245 866 300 932 uti¹
322 882 486 936 oratorem
507 891 560 936 res
588 869 659 957 ipsa
680 871 834 955 oogebate
869 895 975 958 neque
997 873 1175 961 quidquam

113 966 171 1033 tuli
196 966 370 1036 indicativi
404 992 479 1036 cum
512 970 658 1057 optativo
687 971 922 1060 compositione
958 974 1173 1061 frequentius.

113 1067 191 1133 Vid.
212 1068 370 1136 Matthiae
402 1094 453 1157 gr.
475 1071 534 1138 Gr.
567 1095 600 1160 p.
623 1072 720 1138 1016.
762 1071 898 1139 Reisltii
919 1074 960 1141 ud
980 1075 1018 1143 h.
1046 1077 1073 1144 l.
1095 1099 1175 1143 oon·

111 1169 250 1260 jecturee
271 1193 528 1238 commemorare
549 1173 756 1258 supersedeo.

195 1270 232 1358 ἦ.
254 1276 288 1341 ὅ.
311 1269 520 1356 αίαοόγουοο.
560 1274 612 1342 its
634 1288 721 1340 reete
741 1271 900 1342 Reiskius
922 1273 1028 1360 dedit,
1054 1279 1172 1365 „quod

110 1387 144 1439 et
161 1374 314 1457 filiabus,
341 1375 381 1439 de
403 1375 520 1462 quib‘us
540 1375 671 1464 egitur,
699 1390 731 1442 et
751 1374 932 1462 praemisso
954 1374 1101 1461 ἀλλήλαις
1119 1378 1172 1446 vi.

112 1473 242 1542 deretur
268 1475 530 1544 conuenientius.
538 1479 562 1518 ‘⁴
612 1476 791 1564 Utriusque
812 1476 943 1564 generis
964 1473 981 1542 ὅ
1002 1493 1034 1544 et
1054 1474 1075 1562 ἦ
1095 1475 1174 1564 πρί-

110 1599 199 1660 γονος
218 1577 371 1666 exempla
387 1577 457 1644 rid.
479 1577 517 1644 in
537 1577 583 1644 Η.
603 1575 718 1667 Steph.
732 1578 897 1644 Thesaur.
919 1601 949 1644 c.
966 1579 1065 1650 2963.
1109 1578 1173 1648 Ge·

108 1693 216 1744 terunt
246 1678 333 1764 quod
364 1679 520 1745 nonnulli
547 1675 696 1763 προγουίς
725 1677 873 1746 scribunt
901 1675 1072 1765 ὀξυτόνως,
1108 1704 1172 1768 quo

108 1778 238 1845 facilius
269 1776 394 1847 seilicet
416 1781 556 1866 prioe’gui
574 1780 860 1868 distinguentem
887 1780 1072 1866 majorim,
1097 1781 1171 1850 siue

107 1879 225 1946 idoneo
245 1879 375 1946 ratione
401 1881 509 1948 faeere
528 1882 701 1950 videntur:
732 1899 931 1968 quemquam
952 1882 1051 1950 etium
1072 1881 1171 1948 hodi-

107 2005 205 2048 ernos
217 1980 359 2050 Greeoos
372 1981 419 2048 ita
430 1984 644 2072 pronuntiare
659 1997 797 2050 testetur
809 1981 931 2048 Ooruie's
944 1983 985 2048 ed
998 1982 1169 2052 Plutarch.
1194 2055 1199 2064 ,

106 2081 256 2174 Pompei.
279 2107 349 2172 oap.
366 2086 399 2151 9.
421 2121 465 2136 ·-
485 2084 656 2175 Euphileti
676 2100 835 2163 matrem,
861 2081 962 2172 hujus
983 2082 1040 2170 qui
1059 2071 1172 2170 loqui-

106 2199 161 2250 tut·
180 2207 375 2267 novercam,
404 2186 503 2252 etiarn
523 2211 610 2254 nuno
628 2187 836 2275 superstitem
852 2184 953 2252 iusisse
970 2185 1064 2250 docet
1084 2185 1122 2270 ὁ.
1135 2187 1168 2255 9.

107 2339 110 2346 .
191 2284 228 2372 ἦ.
250 2286 283 2352 6.
311 2283 445 2368 καὶμὴν
471 2283 541 2351 odd'
564 2285 601 2350 ίίυ
622 2282 639 2351 ὁ
662 2291 764 2364 θεῖος,
793 2283 872 2369 πρὸς
890 2283 1010 2368 μητρὸς
1030 2281 1104 2366 ἡμῖν
1125 2284 1169 2350 ὢν

105 2382 206 2474 τούτῳ
236 2385 271 2450 δὲ
299 2383 388 2451 οὐδὲν
413 2383 576 2469 προσήκων
604 2385 716 2470 δήπου.
778 2385 829 2450 lta
855 2384 1167 2470 interpungendum,

106 2512 171 2576 quo
191 2489 290 2576 plana
310 2490 368 2553 fiet
387 2487 453 2554 loci
474 2488 652 2554 sententiar
679 2489 751 2552 Neo
769 2509 845 2552 eune
865 2480 882 2550 d
903 2486 1169 2570 defor„qm'p'›pe

74 2653 76 2662 Α
104 2588 160 2673 qui
177 2601 334 2654 mutunus
352 2589 439 2656 nobie
457 2590 516 2668 eit,
544 2613 607 2656 αοα
623 2597 773 2674 putentes
794 2587 992 2673 (uomeculue,
1020 2609 1082 2650 οοα
1103 2611 1168 2670 pu·

103 2689 225 2773 ternu),
259 2714 299 2755 uo
321 2691 418 2776 proin
443 2713 512 2756 oum
535 2689 642 2775 fratre
667 2699 789 2774 nostro,
821 2711 866 2754 eu·
886 2687 952 2752 olio
971 2699 1073 2751 moire
1088 2710 1167 2772 pro·

84 2801 231 2872 ¹creato,
266 2815 460 2876 nequaquam
487 2805 637 2874 cognatus
656 2827 709 2858 -.
744 2788 805 2856 Est
831 2788 935 2876 igitur
963 2787 1052 2854 idem
1071 2810 1109 2852 ao
1136 2786 1167 2854 οἱ

102 2889 242 2958 dixisset
262 2889 315 2957 dre
336 2891 375 2974 δὴ
398 2892 476 2977 πρὸς
495 2891 614 2976 μητρὸς
633 2890 706 2975 ἡμῖν
727 2889 787 2970 ὤν,
818 2914 923 2976 neque
940 2913 1015 2955 cum
1026 2887 1166 2956 Reiskio

100 3015 226 3058 nomen
246 2993 314 3060 viri
333 2993 504 3082 proprium
519 3007 592 3082 post
604 2993 781 3059 articulum
791 2989 953 3059 excidisse
966 2989 1163 3077 putabimus.

105 3089 191 3158 Οὐδ’
215 3093 254 3158 ἂν
270 3117 331 3180 pro
350 3092 405 3160 οὐκ
422 3093 461 3159 ἂν
481 3097 579 3184 plene
595 3093 817 3160 necessarium
831 3092 1022 3171 videbatur,
1049 3114 1164 3178 quam·

101 3195 218 3261 obrem
234 3218 392 3282 reponere
406 3219 473 3262 nou
487 3195 647 3263 dubitari.
690 3193 774 3261 Mox
787 3209 896 3262 autem
908 3191 1070 3285 Sylburgi
1085 3215 1165 3258 eon·

99 3293 246 3388 jecturae
272 3298 476 3390 είοεαοιοῦμευ
506 3296 757 3387 praeferendum
777 3295 860 3361 duxi
881 3294 1030 3362 codicum
1050 3291 1165 3358 lectio-

98 3420 180 3462 nem
201 3399 402 3480 είοαοιοῦμεν.
453 3399 492 3464 ld
514 3399 676 3485 quomodo
697 3396 923 3486 accipiendum
950 3394 993 3460 sit
1012 3408 1100 3483 petet
1121 3416 1165 3458 ex

97 3497 164 3580 iis,
195 3521 277 3583 quae
297 3497 339 3565 ud
371 3498 406 3586 ἦ.
428 3499 600 3567 intonui:
636 3522 741 3586 neque
762 3497 941 3587 praesentis
966 3493 1163 3562 indicativus

96 3598 138 3664 iu
159 3599 303 3685 protasi,
336 3600 415 3666 lieet
433 3600 471 3666 in
491 3600 626 3688 apodoei
645 3599 875 3690 imperfectum
896 3597 957 3681 sit,
992 3594 1163 3685 peritiores

96 3700 256 3768 offendet.
299 3700 456 3789 Xenoph.
479 3701 620 3770 Hieron.
647 3726 676 3770 α.
698 3702 734 3782 1,
756 3703 793 3768 9ο
823 3701 849 3766 εί
869 3697 928 3784 γὰρ
949 3693 1048 3792 οὕτως
1068 3694 1160 3761 ταῦτ’
1210 3695 1212 3702 '

94 3799 176 3882 ἔχει,
206 3807 271 3878 πῶς
292 3801 331 3868 ἂν
352 3802 459 3868 πολλοὶ
482 3799 656 3885 ἐπεθύμουν
671 3811 846 3890 τυραυυεΐνς
877 3800 918 3868 ad
936 3823 1033 3887 quem
1052 3799 1163 3865 locum

94 3902 144 3969 ci.
167 3899 196 3966 F
198 3905 357 3971 rotsoher.
378 3903 471 3972 Add.
493 3905 538 3969 fr.
560 3926 621 3992 pro
642 3919 702 3971 tut.
726 3905 764 3990 §0
786 3904 820 3972 4.

185 4004 350 4088 καταγνοίη
380 4003 664 4092 ψευδομαρτυρίαν.
715 4003 835 4071 Paullo
856 4000 995 4070 rarioris
1015 4023 1094 4067 usus
1115 4013 1163 4065 est

92 4103 281 4191 singularis
307 4104 405 4197 hujus
433 4106 597 4189 nominis,
625 4120 658 4171 et
684 4118 811 4194 poterat
831 4105 866 4170 h.
895 4105 920 4169 l.
943 4102 1043 4168 etium
1063 4124 1162 4164 κατα-

91 4206 185 4289 γνοίη
207 4208 486 4295 ψευδομαρτυριῶν
507 4208 591 4291 diei,
622 4219 659 4273 ut
679 4202 869 4293 παρανόμων
885 4201 980 4270 αὐτοῦ
998 4200 1163 4286 κατίγνωτε

90 4307 184 4395 apud
213 4307 388 4377 Demosth.
420 4310 456 4376 in
481 4308 656 4396 Aristogit.
685 4306 703 4372 l
734 4334 766 4398 p.
787 4310 869 4389 799,
900 4306 954 4373 19.
993 4300 1165 4384 παρανοίας

476 4411 482 4420 ’
886 4407 928 4472 31
949 4411 965 4444 *
