2910 4830
263 333 328 402 nn
349 296 661 405 urenuoeuus
681 332 1001 408 ιιιιιιιιιιιιι.
1104 341 1183 409 ιιι·

99 505 186 574 illud
207 505 349 589 verbum
366 503 544 574 'inventum
566 486 625 572 ent.
669 507 755 571 Nam
775 502 1041 592 quodSluiterus
1060 507 1166 580 Leett.

99 607 252 675 Andoco.
280 631 314 695 p.
339 606 402 672 166
429 607 515 696 apud
537 604 676 697 Lysiam
704 630 831 694 quoque
858 597 971 674 extare
999 609 1100 696 dicit,
1130 611 1168 678 iu
1199 633 1204 644 ·
1239 647 1241 656 v

100 733 250 796 errorent
282 731 357 774 enm
378 706 511 774 induxit
531 706 676 797 Taylori
702 709 795 774 loeus
816 708 1035 798 negligentius
1056 710 1204 803 inope-'*

99 825 189 892 etue,
210 807 315 875 Leott.
337 807 469 899 Lysiae.
491 809 617 899 114228,
639 807 696 874 ubi
718 833 818 895 quum
840 810 903 877 duo
924 811 991 877 looi
1012 811 1167 895 nitentur,
1202 840 1208 854 ·

99 913 184 995 alter
197 908 409 977 Andocideus
430 908 507 993 ille,
536 909 619 976 alter
632 908 813 1000 Lyriaous,
840 926 1011 980 auctorum
1031 914 1167 1004 nomina·

97 1013 147 1082 ita
164 1017 197 1078 'a
217 1012 369 1102 Teyloro
397 1010 563 1102 adscripta
585 1025 682 1091 sunt,
719 1027 757 1078 ut
776 1011 900 1103 Lysiae
926 1015 1028 1080 verba
1056 1015 1166 1083 videri

97 1112 209 1204 primo
235 1128 366 1201 aspectu
395 1110 542 1201 possint,
570 1135 654 1199 quae
685 1129 762 1190 sunt
782 1113 978 1182 Andocidio.
1022 1115 1165 1186 Meierne
1232 1169 1239 1182 .

98 1230 209 1300 autent
231 1214 271 1280 de
300 1213 372 1281 ord.
401 1211 471 1305 jud.
494 1237 537 1301 p..
550 1212 614 1280 384
634 1229 705 1281 not.
727 1213 769 1281 51
791 1215 891 1284 etiem
911 1214 948 1284 in
969 1217 1032 1302 hae
1053 1234 1165 1286 nostra
1197 1243 1200 1250 ·

98 1318 250 1386 oratione
276 1339 310 1405 p.
334 1313 389 1398 95,
410 1312 432 1379 4
458 1313 500 1381 R.
532 1313 583 1400 (ᾧ.
607 1314 649 1380 12
670 1317 772 1403 extr.)
800 1319 941 1385 verbum
962 1318 1046 1384 illud
1067 1319 1166 1404 inve·
1194 1341 1199 1350 ·

97 1420 200 1487 nisse*
215 1417 281 1484 sibi
300 1415 453 1494 videtur,
484 1415 594 1482 nescio
625 1441 689 1502 quo
718 1442 830 1486 errore
861 1420 1023 1509 deeeptus.
1069 1419 1166 1488 Gete-
1195 1433 1197 1440 '

97 1545 175 1588 rum
206 1505 236 1586 ai
262 1540 409 1605 unquam
435 1516 471 1581 in
501 1541 563 1584 usu
590 1517 706 1585 suisset
734 1521 1007 1606 ψεαδαμαριαριᾶα
1033 1545 1095 1611 pro
1123 1517 1163 1588 vd
1194 1537 1198 1544 '

97 1623 200 1705 ψευδῆ
220 1628 404 1706 μαρτυρεῖν,
436 1633 575 1706 utroque
596 1633 707 1686 tamen
727 1623 819 1706 looo,
850 1636 883 1687 et
903 1623 1017 1689 nostro
1038 1639 1070 1690 et
1090 1624 1165 1690 An·

11 1739 12 1746 ’
97 1723 254 1807 doeideo,
286 1745 356 1809 non
375 1721 702 1807 ψεαδαμαρτυριῶντις
722 1723 778 1790 aed
799 1722 1165 1812 ψεαδαμαριυριάσαιτες

96 1824 305 1896 scribendum
325 1820 452 1888 finiam.
1193 1827 1197 1838 ’

183 1923 575 2014 6.16.ἀμφαι”νδέταΐν
597 1921 765 2010 deordinata
785 1920 910 2012 ἆκῦροια
930 1925 1162 2010 propinate-w

96 2026 143 2095 H.
166 2052 219 2095 e.:
255 2025 419 2093 ttoott’
400 2051 480 2112 αμφ.
501 2027 560 2104 τὰς
581 2025 776 2113 διαθήκας’
757 2024 891 2114 ακῦρους
910 2023 998 2097 εἶναι.
1043 2011 1108 2099 cf'.
1120 2030 1162 2126 ud

97 2154 148 2234 or.
154 2130 212 2195 de
234 2107 409 2220 Cleonym.
434 2129 507 2195 her.
532 2129 568 2217 §.
591 2127 646 2197 44.
1186 2143 1192 2166 ³

182 2226 407 2318 διεμαρτύρησε
426 2268 479 2294 -.
502 2215 664 2300 Videmus
683 2231 746 2297 hae
767 2231 977 2319 διαμαρτυρία
995 2257 1042 2316 μη
1029 2229 1162 2297 tuton

97 2359 152 2400 ιον
171 2329 249 2398 arou
270 2330 324 2397 τὸν
345 2336 458 2415 κλῆρον
479 2331 578 2399 etiam
600 2357 675 2402 enm
696 2333 758 2416 uti,
788 2331 845 2418 qui
866 2347 1058 2400 tentamento
1081 2335 1162 2403 ado·

96 2450 204 2526 ptatne
226 2449 327 2518 eruet,
354 2432 432 2500 licet
459 2456 532 2520 capr
521 2433 594 2499 ab
615 2433 679 2500 hoe
708 2430 924 2516 hereditas'
896 2458 967 2500 erne
987 2429 1189 2524 emanante*

96 2562 166 2605 non
185 2550 317 2626 postet.
348 2531 427 2604 vid,
443 2534 484 2599 de
496 2535 622 2624 Pyrrhr
643 2536 716 2603 her.
740 2535 776 2623 ᾖ.
793 2537 834 2602 61
856 2549 943 2604 extr.
959 2549 992 2601 et
1011 2560 1159 2668 prooenn.

96 2640 139 2706 ad
161 2662 212 2705 or.
235 2638 275 2703 de
296 2636 436 2702 Menecl.
458 2636 530 2702 her.
1182 2659 1184 2666 ·

181 2741 219 2828 ᾖ.
236 2735 329 2805 17
311 2764 330 2821 η
351 2737 408 2820 μὲν
429 2741 486 2820 ta}
486 2762 512 2814 ις
532 2762 587 2804 roo
572 2732 887 2826 κλήρουδιεγράφη.
928 2736 1008 2805 vid.
1023 2739 1063 2805 de
1085 2739 1159 2809 ord.

94 2841 165 2933 jud.
189 2867 223 2931 p.
246 2843 378 2906 27not.
399 2842 528 2929 detp.
551 2823 626 2906 646.

104 3015 108 3024 ,
180 2941 393 3028 {reoperando
423 2946 485 3006 τῶν
511 2937 629 3027 ψήφων
649 2979 702 3006 -.
744 2939 826 3009 Seil.
853 2939 887 3006 ἒιι
914 2946 970 3022 aod
999 2940 1159 3008 καδίσκου.

94 3044 304 3135 Apparebat,
337 3043 434 3108 etiam
451 3066 520 3109 non
534 3041 748 3132 dinumeratis
770 3043 925 3127 calculis,
957 3045 1067 3132 plnres
1088 3066 1180 3112 esee·

11 3203 13 3210 .
74 3163 186 3214 atros
208 3167 307 3232 quam
338 3145 450 3227 elbon;
480 3143 689 3234 pronuntiari
715 3158 824 3210 tamen
844 3143 1070 3212 condemnatio
1092 3145 1183 3212 nioi'

96 3245 314 3316 dinumeratis
345 3193 480 3319 ealcuiio
509 3270 577 3313 non
607 3247 724 3342 potnit.
775 3245 956 3333 Propterea
976 3247 1017 3312 ad
1046 3270 1158 3337 precer
1239 3251 1266 3282 ⁸

95 3373 132 3416 ae
154 3361 348 3430 convertunt
369 3347 567 3432 adversarii,
594 3371 638 3413 ne
657 3335 917 3414 dinumerentur.
1179 3369 1182 3376 ’

182 3446 242 3515 ὅσα
268 3445 341 3532 ἡμῖν
376 3448 520 3532 ἐξεγένετο
552 3447 795 3536 διαπράξασθαι.
851 3447 932 3514 Erat
959 3448 1049 3515 enim
1075 3449 1158 3517 haee

93 3550 174 3618 falsi
187 3549 368 3618 testimonii
384 3551 468 3617 actio
485 3548 568 3636 nynia
580 3546 716 3634 τιμητός,
738 3549 934 3640 gravissima
946 3548 1056 3638 itaque
1067 3553 1158 3618 mul·

94 3667 148 3718 cta
174 3650 319 3740 irrogari
350 3667 497 3741 poterat,
530 3651 583 3718 cui
610 3653 784 3728 solvendae
805 3653 914 3742 imper
934 3666 1017 3719 esset
1038 3653 1158 3722 adver·

92 3753 202 3822 nerim
231 3776 268 3820 eo
289 3752 433 3842 'proinde
460 3750 570 3837 ἄτιμος
595 3757 699 3821 fieret.
748 3753 824 3820 Huc
846 3754 935 3821 eninr
955 3753 1096 3843 pertinet
1117 3756 1155 3844 §.

92 3856 159 3923 19:
197 3851 388 3938 Ιἐγγενόμενοι
415 3852 489 3939 ἡμῖν
517 3853 612 3922 odedu
628 3855 674 3950 ¹-ss
695 3854 856 3939 ἀτιμῶσαι.
900 3843 997 3924 Cotti.
1021 3853 1062 3922 de
1082 3857 1155 3926 ord.

91 3955 164 4044 jud.
186 3957 312 4045 p.·383
332 3980 381 4043 oq.
545 4007 549 4016 ·
1241 4025 1246 4032 .

179 4057 217 4145 ἦ.
231 4055 283 4124 48.
305 4056 350 4142 μὴ
365 4064 573 4144 ’σαναριθμεῖν
591 4079 645 4131 ·-.
665 4057 826 4148 Expecteo
839 4056 947 4148 potius
964 4055 1154 4144 ’διαριθμιῒα

92 4154 161 4227 Sed
182 4161 292 4226 tamen
312 4158 396 4228 illud
418 4149 546 4248 ¹quoque
564 4159 754 4247 ferendum,
785 4184 887 4248 quum
907 4159 1036 4248 inipso
1056 4157 1173 4228 dinus
1284 4173 1287 4182 ¹
