2942 4842
255 377 320 442 226
614 363 665 436 IN
683 363 960 436 ouffloNuu

258 541 429 629 siquando
450 538 599 606 animum
617 549 793 621 mutasset,
819 533 994 616 mulierem
1014 533 1130 617 istam,
1159 531 1214 600 cui
1233 530 1324 606 nihil

257 643 342 710 dotis
364 641 610 731 rependendum
635 653 739 719 esset,
774 636 871 703 domo
894 634 1081 702 extrudere.
1123 633 1236 721 Neque
1256 634 1323 700 mi·

258 766 319 812 nus
347 744 432 810 illud
460 741 582 817 falsum
609 763 680 806 esse
708 762 883 840 apparere,
920 736 1004 823 quod
1032 736 1135 804 iidem
1164 735 1323 803 avunculi

258 843 470 926 testatisint,
502 841 637 908 affuisse
651 863 686 906 se
698 838 817 908 Philae
831 839 883 904 die
895 837 1070 905 nominali.
1113 837 1198 904 Nam
1219 861 1323 924 quum

257 945 422 1012 Xenocles
443 942 581 1010 maritus
601 941 702 1008 uxori
724 965 801 1008 suae
814 919 932 1007 Philae
953 964 1073 1006 nomen
1094 962 1163 1004 esse
1185 938 1321 1022 diceret,

258 1048 335 1116 illos
364 1059 478 1112 contro
508 1067 581 1109 eam
614 1045 656 1110 ab
685 1043 777 1127 avis,
815 1040 942 1133 Pyrrhi
968 1055 1072 1106 matre
1078 1085 1091 1118 ,
1128 1037 1322 1106 Clitaretsm

258 1147 461 1214 nominatam
487 1144 630 1226 dixisseq
666 1145 751 1232 quod
785 1144 883 1232 plane
904 1141 1105 1224 ¹incredibile
1133 1164 1221 1224 esse,
1255 1140 1322 1229 ipsi

145 1313 149 1318 ,
257 1249 376 1316 marito
397 1246 513 1313 uxoris
526 1269 603 1312 suae
616 1268 734 1312 verum
753 1268 875 1312 nomen
895 1243 1046 1330 ignotum
1057 1242 1170 1308 fnisse.
1213 1240 1320 1309 Porro

257 1371 425 1436 uunquam
452 1371 531 1416 sane
558 1346 772 1414 Nicodemum
799 1345 836 1412 in
863 1343 986 1412 sororis
1007 1365 1084 1410 suae
1106 1343 1321 1432 desponsione

258 1449 510 1518 commissurum
529 1447 650 1531 fnisse,
677 1463 715 1514 ut
735 1448 775 1513 de
797 1447 871 1514 do‘te
892 1445 981 1514 nihil
1000 1445 1232 1533 stipularetur,=
1251 1469 1322 1511 non

256 1553 365 1632 solum
392 1565 583 1640 propterea,
611 1549 715 1635 quod,
743 1562 780 1613 ut
805 1547 873 1636 jam
898 1565 1000 1634 supra
1028 1545 1151 1612 dictum
1179 1561 1245 1630 est,
1272 1545 1322 1614 its

256 1653 397 1719 liberum
411 1650 545 1739 Pyrrho
565 1650 715 1716 futurum
736 1663 836 1732 esset,
864 1648 1038 1714 mulierem
1051 1647 1322 1734 quandocumque

251 1752 406 1834 libuisset
432 1775 451 1816 a
473 1774 507 1818 se
536 1750 729 1836 extrudere,
757 1750 815 1817 sed
836 1748 935 1815 etiam
955 1749 1041 1834 quod
1063 1747 1177 1830 sciret,
1205 1749 1235 1815 si
1254 1749 1322 1817 im·

251 1852 362 1943 prolis
383 1850 506 1918 mulier
525 1851 757 1918 decederet-
777 1865 809 1918 et
828 1849 931 1917 fnisse
952 1873 1026 1918 earn
1045 1872 1174 1938 semper
1194 1849 1323 1940 impro-

256 1957 324 2020 lem
344 1986 387 2002 -
407 1952 528 2035 dotem,
556 1976 654 2038 quam
674 1951 867 2041 scripsisset,
895 1951 971 2035 sihi,
1001 1950 1097 2016 fratri
1118 1950 1279 2037 mulieris,
1301 1975 1322 2018 o

256 2054 391 2144 Pyrrho
417 2039 657 2120 numerandam
683 2054 771 2136 fore3
806 2051 897 2143 cujus
918 2049 1006 2118 lucri
1027 2051 1178 2141 captandi
1200 2057 1322 2142 oppor-

254 2144 428 2222 tunitatem
449 2155 490 2221 ab
511 2155 571 2220 illo
592 2153 857 2242 praetermissam
877 2177 965 2238 esse,
987 2153 1078 2220 credi
1097 2177 1231 2243 prorsus
1252 2177 1322 2220 non

255 2279 360 2346 posse.
405 2253 557 2342 Denique
586 2255 804 2322 Nicodemum
832 2254 931 2322 etiam
953 2255 1051 2332 ξενίας
1074 2269 1261 2321 accusatum
1288 2269 1322 2322 et
1361 2273 1365 2292 ¹

255 2370 383 2423 tantum
411 2380 480 2422 non
501 2357 691 2423 damnatum
711 2380 800 2439 esse3
834 2379 898 2443 quo
925 2357 1035 2424 minus
1061 2356 1242 2424 verisimile
1263 2355 1320 2440 sit,

256 2455 331 2524 talis
359 2457 425 2524 viri
452 2479 602 2524 sororem
635 2481 655 2522 a
681 2457 816 2548 Pyrrho
843 2458 882 2523 in
910 2457 1160 2526 matrimonium
1188 2457 1322 2526 doctam

257 2582 338 2626 esse·
359 2595 403 2608 -
468 2643 471 2650 1
1170 2639 1172 2644 ,

265 2733 268 2742 ‚
339 2658 431 2726 Haec
458 2659 567 2748 prima
594 2674 643 2728 est
661 2659 955 2748 argumentationis
976 2682 1071 2751 pars,
1099 2683 1181 2746 quae
1209 2661 1320 2728 nullas

256 2761 344 2846 inter
362 2758 534 2852 Pyrrhum
555 2776 587 2828 et
599 2761 770 2830 Nicodemi
781 2786 929 2830 sororem
948 2761 1078 2851 nuptias
1097 2761 1321 2830 intercessisse

256 2862 474 2944 demonstrat;
511 2863 658 2949 sequitur
678 2887 765 2930 nunc
796 2865 918 2947 altera,
946 2886 1009 2949 qua
1029 2861 1176 2952 spuriam
1196 2862 1320 2930 Philen

109 2939 114 2946 .
138 3029 140 3036 ,
250 2985 327 3030 esse
347 2962 492 3051 primurn
506 2987 550 3029 ex
569 2963 612 3030 iis
632 2963 712 3057 ipsis
734 2987 816 3050 qnae
830 2963 1027 3032 Nicodemus
1049 2963 1163 3030 lecerit
1183 2965 1239 3030 vel
1258 2987 1320 3053 po·

256 3063 322 3130 tius
342 3062 415 3129 fieri
445 3087 560 3152 passus
580 3064 624 3130 sit
645 3064 837 3132 ostenditur.
880 3065 1117 3154 Nam-passum
1138 3088 1214 3134 eum
1235 3088 1319 3145 esse,

256 3179 292 3230 ut
305 3162 432 3256 Pyrrhi
453 3165 615 3232 hereditas
635 3166 677 3231 ab
691 3165 798 3234 lindio
821 3181 989 3256 caperetur
1010 3167 1082 3246 siue
1102 3189 1215 3233 sorore
1237 3167 1319 3232 ado-

255 3263 363 3356 ptiva3
394 3289 457 3352 qua
469 3265 540 3354 ipsa
561 3291 597 3333 re
610 3267 696 3334 hanc
717 3267 864 3356 spuriam
881 3269 1078 3336 declaratam
1099 3291 1185 3334 essee
1213 3289 1319 3354 neque

256 3364 346 3452 enim
378 3366 527 3454 adoptari
548 3391 763 3456 quemquam,
793 3393 899 3456 neque
923 3369 1029 3458 patris
1050 3366 1198 3457 adoptivi
1220 3369 1318 3434 here·
1361 3423 1363 3434 ,

257 3457 389 3530 ditatam
410 3490 525 3555 capere
546 3493 605 3558 per
630 3473 719 3558 leges
740 3493 852 3559 posse,
880 3471 946 3538 nisi
974 3470 1021 3536 ita
1041 3485 1078 3535 ut
1098 3471 1198 3535 simul
1219 3469 1319 3560 hujus

256 3563 378 3648 filiam,
399 3566 427 3631 si
450 3591 512 3656 que
534 3572 577 3636 sit
597 3572 765 3658 legitima,
787 3595 929 3638 uxorem
950 3571 1058 3638 ducet.
1101 3569 1319 3638 Nicodemum

255 3679 363 3732 autem
391 3691 458 3732 non
487 3671 571 3737 illud
600 3674 709 3739 solum
736 3672 810 3736 lieri
836 3696 969 3762 passum
999 3695 1088 3750 esse,
1117 3673 1175 3738 sed
1201 3664 1318 3756 etiam,'

254 3789 356 3855 quum
376 3770 499 3853 sororis
521 3796 598 3839 snae
612 3773 734 3855 filiam,
763 3795 862 3859 qnam
881 3767 1066 3860 legitimam
1090 3796 1159 3838 esee
1180 3787 1319 3838 couten-

253 3865 325 3948 dat‚
362 3869 402 3933 ab
424 3869 531 3939 Endio
559 3897 619 3963 pro
641 3874 752 3963 spuria
779 3899 854 3940 curn
868 3875 949 3946 dote
971 3875 1092 3960 exigua
1113 3873 1258 3940 Xenocli
1279 3872 1319 3940 in

251 3965 499 4042 matrimonium
514 3975 670 4040 collocari
683 3973 828 4058 videret,
844 3999 912 4042 non
933 3975 1177 4058 intercessisse,
1196 3998 1319 4062 neque,

193 4103 195 4112 ·
251 4070 335 4154 quod
352 4073 506 4140 avunculi
517 4074 660 4142 officium
676 4075 790 4142 fuisset
799 4123 810 4160 ‚
832 4076 991 4144 actionem
1006 4072 1169 4150 κακώσεως
1180 4092 1320 4165 propter

225 4181 228 4188 '
251 4169 337 4264 hano
347 4165 452 4266 neptis
468 4197 545 4240 suae
557 4173 714 4265 injuriam
721 4176 829 4244 Endio
841 4178 1028 4250 intendisse·
1037 4177 1197 4269 -l'crro
1206 4193 1320 4244 autem

246 4269 358 4368 'ipsum
387 4296 514 4359 quoque
540 4273 724 4344 Xenoclem
750 4303 889 4347 uxorem
916 4303 1009 4346 suam
1036 4303 1097 4370 pro
1118 4277 1229 4368 spuria
1256 4279 1318 4346 ho·
