2942 4842
363 335 427 404 oa
447 333 674 405 menaeus
694 289 1012 406 andaonem.
1159 336 1223 407 απ

160 505 386 596 (Jahrbiiclper
405 504 463 570 fiir
476 505 670 573 wissenscb.
689 489 824 592 Kritik)
846 507 930 573 1828
949 520 1030 572 tom.
1045 507 1078 572 2.
1095 529 1129 595 p.
1147 503 1222 572 340.
1304 572 1307 578 ,
1354 579 1356 588 s

160 607 315 676 Ceterum
344 607 433 674 conf.
464 605 702 699 Wytteubach.
725 607 815 677 Bibl.
846 607 920 674 erit.
944 605 1222 689 V.111.P.1V.

184 710 261 777 .76
282 731 332 796 sq.
1085 741 1088 750 =

160 735 181 800 P
245 807 324 874 odra·
336 807 409 884 τοὺς
428 807 523 882 θεοὺς
542 807 616 884 τούς
636 805 859 895 nerpoicum—¹
876 807 1106 891 αἲαχανόμενος.
1153 808 1226 872 Oroi

135 915 318 1000 πατρῷοι,
346 908 494 996 gentium
515 933 552 976 ac
572 908 778 978 familiarum
800 907 891 996 quasi
913 909 1047 997 quidam
1068 909 1102 974 di
1122 925 1225 997 penu-¹

161 1029 209 1080 tes
221 1059 233 1096 ,
274 1011 467 1098 quibuscum
489 1009 589 1076 etiam
610 1035 630 1076 a
650 1010 815 1077 veteribus
836 1023 1072 1100 saepenumero
1094 1034 1227 1099 compa·

161 1114 343 1198 caticum,
365 1111 550 1201 partim'ab
566 1111 719 1178 omnibus
736 1110 884 1195 civibus,
914 1111 970 1178 sed
991 1111 1130 1201 privatis
1151 1135 1225 1179 cae·

162 1214 315 1282 rimoniis
344 1213 556 1297 colebantur,
586 1213 708 1301 partim
736 1212 789 1278 sui
819 1212 935 1300 orsique
956 1213 1047 1300 genti
1070 1236 1108 1279 ac
1128 1213 1228 1279 lami·

163 1307 230 1384 liae
250 1313 377 1405 proprii
399 1321 505 1380 erant.
548 1313 603 1380 Ab
624 1314 776 1380 omnibus
799 1315 990 1380 colebantur
1010 1313 1091 1389 Ζεὺς
1112 1314 1227 1399 ἕρκειος

165 1434 197 1485 et
213 1415 368 1482 Ἀπόλλων
390 1420 549 1501 πατρῴας,
583 1415 623 1481 de
644 1415 762 1501 quibus
782 1439 871 1481 nunc
893 1415 1025 1502 quidem
1046 1415 1229 1485 accuratius

65 1503 71 1512 ’
164 1521 334 1608 anpuare
355 1517 444 1584 aina
465 1516 594 1586 anona.
638 1514 719 1582 via.
738 1516 885 1587 erana.
900 1515 1053 1608 symbol.
1077 1517 1167 1583 aaa.
1182 1517 1227 1583 A.
1259 1503 1269 1588 f

163 1647 196 1711 p.
219 1622 274 1688 88.
295 1656 338 1670 —-
359 1616 456 1684 Alios
478 1633 587 1694 autem
603 1616 698 1692 θεοὺς
718 1612 883 1705 πατρῴους
902 1641 979 1684 suos
999 1617 1116 1705 cuique
1138 1619 1231 1705 genti

27 1787 29 1792 .
162 1723 220 1791 vel
241 1719 387 1787 familiae
407 1719 558 1808 proprios
585 1719 688 1785 luisse
709 1720 765 1785 rel
785 1739 890 1786 unum
910 1718 1094 1792 Andocidis
1116 1743 1230 1786 exem·

163 1825 257 1914 plum
288 1823 513 1887 demonstrare
540 1835 655 1909 potest.
698 1819 806 1912 Hujus
835 1821 925 1888 enim
945 1819 1148 1887 Mercurium
1169 1847 1231 1884 πα-
1282 1875 1292 1898 ,

163 1927 266 2010 τρῴαα
295 1922 397 1994 fuisse
430 1921 572 2009 legimus
607 1945 659 2010 ap.
689 1921 829 2013 Lysiam
856 1921 892 1986 in
921 1923 1052 1989 Andoo.
1083 1943 1129 2012 p.
1147 1924 1230 2007 207,

166 2039 339 2115 propterea
361 2023 448 2088 haud
471 2022 587 2107 dubie,
616 2023 702 2110 quod
723 2022 912 2090 Andocides
935 2048 952 2089 e
975 2021 1141 2114 Gerycum
1163 2038 1233 2088 erat

165 2142 263 2213 gente
303 2123 446 2211 (Pseudo
475 2159 492 2175 ·
519 2123 608 2191 Plnt.
646 2125 721 2193 viu.
761 2123 799 2192 X
833 2140 929 2192 oratt.
967 2149 1000 2213 p.
1028 2122 1118 2209 834.)
1147 2147 1231 2210 quae

169 2227 335 2315 originem
365 2249 459 2291 suam
490 2224 695 2292 oMercurio
717 2226 892 2315 repetebat.
937 2224 1015 2291 Vid.
1037 2224 1181 2292 Pausan.
1203 2227 1231 2291 l.
1343 2249 1347 2260 ‘

151 2329 225 2413 ³8,
244 2329 277 2394 3.
301 2327 427 2393 Pollux
437 2325 532 2409 Vlll,
553 2328 626 2393 103.
649 2327 811 2416 Harpoor.
824 2327 859 2392 in
876 2324 1012 2411 κήρυκες.
1036 2324 1089 2392 cf.
1105 2327 1234 2416 Haupt·

65 2481 69 2486 ,
168 2427 282 2497 mann.
305 2427 345 2493 de
359 2426 489 2494 Andoc.
512 2427 679 2495 iuReisk.
702 2429 746 2496 0.
770 2428 812 2496 G.
825 2426 921 2512 Vlll.
942 2452 975 2516 p.
997 2427 1072 2493 535.
1094 2427 1233 2496 llnbnk.
1351 2493 1354 2504 ,

170 2531 249 2598 hist.
272 2529 345 2598 crit.
370 2529 414 2596 0.
428 2527 469 2595 G.
491 2528 574 2595 ibid.
596 2555 629 2620 p.
653 2530 726 2597 133.
771 2526 906 2596 Slniter.
924 2528 1030 2594 Lectt.
1045 2527 1233 2596 Andocidd.

171 2659 206 2723 p.
227 2635 261 2699 7.
284 2669 327 2680 -—
347 2629 400 2696 De
431 2628 566 2718 lsagora
588 2629 776 2698 Herodotus
797 2629 842 2715 V,
865 2631 907 2696 66
927 2628 1108 2702 memoriae
1131 2629 1236 2694 tradi·

173 2733 244 2817 dit,
272 2731 435 2797 familiam
463 2731 531 2821 ejus
554 2729 632 2800 Jovi
662 2731 762 2800 Cario
790 2756 881 2798 sacra
909 2729 1088 2812 factitasse
1118 2730 1236 2820 quippe

174 2833 330 2920 leogorae
361 2831 502 2923 majores
533 2830 672 2900 ecaria
698 2835 735 2899 in
755 2833 903 2900 Atticam
930 2832 1176 2917 migraverant,
1205 2847 1237 2898 et
1324 2875 1328 2881 -

176 2960 277 3022 quum
298 2935 334 3000 in
357 2933 524 3000 civitatem
544 2935 666 3025 recepti
687 2952 812 3019 essent,
840 2935 894 3000 dei
915 2950 1025 3000 tamen
1045 2931 1145 3022 patrii
1166 2934 1237 3000 cul·

179 3051 248 3102 tum
279 3025 485 3106 retinuerunt
515 3059 670 3123 sacraque
690 3037 727 3102 in
750 3035 818 3129 ejus
840 3037 1002 3122 bonorem
1023 3036 1236 3125 peragebant,

162 3159 261 3223 ,qnae
293 3140 423 3220 πατρῴα
443 3135 523 3200 huic
544 3131 645 3226 stirpi
659 3137 760 3204 luisse
781 3151 930 3236 apparet;
963 3136 1238 3224 quemadmodum
1273 3159 1275 3164 ·

180 3237 264 3325 apud
285 3235 543 3324 Aristophanem
564 3237 601 3304 in
621 3237 751 3305 Avibus
771 3263 806 3306 v.
831 3237 913 3304 1534
933 3236 1143 3304 Execestides
1165 3238 1238 3323 qeni-

181 3339 279 3421 dam,
308 3336 442 3402 natione
463 3339 677 3425 peregrinus,
711 3340 766 3405 sed
789 3338 891 3423 civis,
913 3354 950 3404 ut
971 3337 1122 3421 videtur,
1156 3363 1239 3423 πριρ-
1324 3379 1330 3392 -

180 3439 367 3522 έγρραπτος,
395 3436 553 3504 irridetur
582 3454 619 3505 ut
646 3441 702 3526 qui
720 3427 874 3526 πατρῷον
903 3441 1019 3506 habeat
1041 3464 1057 3504 e
1082 3440 1237 3506 barbaria
1290 3511 1292 3515 ,

181 3541 377 3622 advectum,
415 3537 590 3626 eodemque
611 3541 709 3607 modo
732 3541 787 3627 qui
806 3540 951 3607 Athenis
973 3541 1008 3607 iu
1031 3539 1112 3606 alias
1135 3557 1239 3606 terras

180 3639 365 3706 habitatum
395 3642 633 3726 concedebant,
671 3637 832 3729 πατρῴους
864 3665 940 3708 suos
968 3643 1239 3720 secumaveltere

177 3740 340 3807 solebant.
393 3739 540 3833 Lycurg.
571 3742 616 3814 iu,
629 3742 780 3810 Leocrat.
809 3768 843 3833 p.
867 3743 976 3830 lbdl).
998 3779 1042 3792 -
1063 3741 1139 3811 Jam
1159 3767 1240 3816 vero

183 3911 380 3924 —nn--n

215 3995 243 4064 ⁹)
262 3997 299 4048 ln
315 3991 488 4049 universum
505 3993 542 4050 de
558 3999 635 4054 θεοῖς
653 3999 683 4052 et
699 3997 778 4066 ἱεροῖς
794 3994 924 4070 πατρῴοις
942 3995 980 4051 cf.
1000 3995 1090 4052 etiam
1107 3995 1241 4052 Lobeck.

245 4078 446 4151 Aglaopham.
463 4080 487 4133 1.
505 4096 536 4148 p.
554 4081 615 4138 276.
633 4081 693 4134 771.
711 4083 749 4134 11.
768 4097 799 4150 p.
819 4082 895 4142 12³8.
915 4088 944 4137 et
960 4083 1005 4136 De
1021 4079 1117 4137 saeris
1135 4081 1239 4150 priva·

248 4161 287 4219 tia
305 4163 379 4219 diss.
398 4165 422 4216 1.
441 4179 472 4232 p.
491 4163 518 4218 6.
554 4166 734 4242 Qtramqoam
752 4165 830 4232 quod
848 4163 876 4219 ia
892 4163 1068 4220 Minervam
1087 4162 1126 4218 ab
1143 4162 1242 4218 οααιὶ-

228 4259 231 4268 ’
250 4245 305 4302 bus
320 4253 354 4302 ut
363 4245 485 4316 πατρῴαν
501 4249 613 4324 cultam
619 4263 686 4307 ease
694 4243 945 4305 autumatvareor
959 4254 992 4326 ut
1004 4247 1126 4319 probari
1135 4245 1241 4319 possit.
