2910 4830
518 1143 521 1152 Δ
580 1193 626 1247 ιιι
650 1177 948 1248 οιιιιιοιιιιιι
985 1191 1022 1250 v.

271 1355 350 1424 on
384 1353 842 1444 Ιιιιιιιιοιιιιιιιι
878 1354 1319 1444 ιιιιιιιιιιινιιιι.

666 1598 928 1645 ruoonmtnt

270 1717 503 1824 Dicaeogenes
517 1736 695 1804 Menexeni
712 1736 801 1804 filius
819 1760 920 1824 quum
937 1735 973 1802 in
988 1758 1099 1825 pugna
1111 1736 1226 1842 noveii
1245 1735 1321 1826 apud

192 1840 202 1847 '
272 1827 416 1896 Gnidum
435 1828 613 1895 insulam'
601 1842 813 1917 ruteremptns
835 1840 938 1911 esset,
963 1825 1157 1912 Proxenus,
1185 1825 1254 1918 ejus
1273 1851 1320 1892 co-

270 1943 407 2016 gnatus,
439 1943 665 1996 testamentum
685 1927 844 2019 protulit,
874 1950 938 2014 quo
958 1925 1062 2015 ipsius
1082 1927 1192 2014 iilius,
1225 1927 1277 1994 cui
1295 1943 1323 1992 et

270 2029 336 2118 ipst
325 2027 560 2118 Dicaeogeni
579 2053 700 2097 nomen
721 2043 809 2114 erat,
838 2029 880 2095 ab
900 2028 960 2094 illo
982 2028 1199 2118 adoptabatur
1220 2044 1251 2095 et
1269 2029 1322 2094 he·

270 2154 324 2198 res
345 2155 389 2198 ex
409 2130 528 2197 triente
548 2131 795 2214 instituebatur,
816 2129 945 2222 reliqua
962 2145 1071 2196 autem
1086 2130 1225 2219 pecunie
1238 2144 1323 2218 quat·

270 2245 363 2298 tuor·
371 2230 533 2298 testatoris
560 2230 728 2298 sororibus
756 2229 1014 2319 relinquebatur.
1065 2229 1121 2296 Ex
1140 2232 1207 2298 hoc
1234 2246 1323 2298 teste·

270 2348 383 2400 mento
410 2331 517 2401 divisa
536 2332 719 2412 hereditate
750 2356 844 2399 suam
866 2332 1002 2421 quisque
1021 2347 1149 2422 partem
1168 2357 1230 2423 per
1249 2334 1323 2398 duo·

265 2434 378 2520 ¹decim
407 2456 510 2502 annos
531 2433 604 2504 siue
617 2432 853 2502 controversia
873 2432 1038 2524 possedit,
1075 2453 1176 2521 quum
1197 2435 1322 2525 repente

270 2535 518 2624 aDicaeogene
548 2534 638 2603 aliud
656 2537 800 2602 *affertur
821 2549 1067 2618 testamentum,
1104 2559 1168 2622 quo
1196 2535 1266 2625 ipse
1286 2558 1324 2601 ex

270 2661 342 2705 asse
371 2638 468 2704 heres
493 2635 661 2704 institutus
682 2651 763 2704 erat.
805 2635 871 2703 Res
896 2635 934 2702 in
958 2635 1120 2727 judicium
1139 2637 1251 2705 venite
1275 2636 1324 2728 ju·

216 2755 220 2764 '
270 2739 379 2825 dices,
406 2737 500 2807 salsis
521 2737 717 2805 testimoniis
738 2737 881 2828 decepti,
902 2752 1005 2819 totam
1025 2737 1245 2830 nereditatem
1264 2737 1323 2804 Di·

269 2839 425 2929 caeogeni
446 2837 655 2930 adjudicante
685 2839 741 2906 hic
753 2840 873 2929 praeda
893 2862 952 2906 sna
972 2863 1031 2929 per
1044 2838 1241 2906 decennium
1260 2839 1346 2904 fere.

268 2942 403 3009 fruitur.
456 2939 610 3007 Tandem
637 2939 814 3007 mulierum
844 2941 980 3008 illarum
1005 2939 1067 3006 filii
1074 2986 1085 3023 ,
1117 2940 1175 3027 qui
1194 2938 1324 3006 interim

269 3039 554 3123 adoleverant,
541 3039 700 3131 injuriam
724 3064 818 3108 suam
845 3041 960 3109 ulcisci
986 3056 1115 3130 perant.
1174 3041 1324 3110 Primum

268 3144 371 3232 igitur
390 3141 544 3224 testibus,
572 3141 690 3226 quibus
710 3139 938 3232 Dicaeogenes
963 3166 1042 3210 usus
1063 3157 1150 3238 erat,
1179 3143 1257 3210 salsi
1277 3156 1323 3208 te·

268 3242 418 3314 stimonii
444 3242 607 3309 actionem
634 3242 827 3328 intendunt,
859 3245 1027 3331 unumque
1052 3267 1095 3310 ιιι
1114 3243 1186 3328 his,
1217 3245 1324 3336 Lyco·

268 3370 364 3425 nem,
405 3342 461 3431 qui
488 3341 614 3432 primus
641 3343 679 3411 in
704 3343 864 3435 judicium
892 3345 1048 3412 deductus
1078 3360 1145 3428 est,
1177 3347 1322 3414 vincunt.

253 3447 361 3526 ,Τιιιιι
370 3467 448 3513 vero
461 3442 685 3531 Dicaeogenes
706 3449 804 3515 rebus
819 3447 887 3514 suis
903 3447 1026 3513 diffisus
1046 3470 1089 3512 ne
1110 3461 1213 3516 totam
1232 3469 1325 3537 prae-¹

224 3625 227 3634 ¹
269 3547 345 3614 dam
365 3545 537 3613 restituere
559 3562 713 3635 cogatur,
741 3548 831 3616 aliud
854 3547 1029 3615 artificium
1050 3548 1323 3615 comminiscitur:

268 3647 507 3731 Menexenum,
543 3648 600 3735 qui
621 3673 752 3717 oausam
778 3664 889 3716 contra
910 3649 1080 3741 Lyconem
1103 3665 1235 3736 egerat,
1268 3673 1325 3733 ag·
1415 3669 1416 3688 ι

268 3749 435 3840 greditur,
465 3763 651 3818 maternam
669 3750 853 3840 portionem
874 3751 905 3818 ei
925 3776 960 3819 se
975 3752 1170 3827 ¹restiturum
1190 3749 1324 3841 pollice·

267 3866 341 3934 tur,
363 3851 534 3940 persuadet
556 3851 695 3938 denique
714 3868 751 3918 ut
771 3853 982 3920 consobrinos
1003 3875 1079 3921 suos
1101 3853 1226 3919 deserat
1247 3849 1325 3918 reli·

269 3975 412 4040 quosque
438 3966 556 4036 testes,
596 3975 677 4038 quos
705 3952 743 4019 in
762 3953 815 4043 jus
845 3969 1041 4037 vocaveram
1068 3955 1186 4020 missos
1212 3951 1322 4020 faciat

219 4063 222 4075 '
336 4051 485 4140 *Reliqui
510 4051 730 4142 Diceeogenis
750 4055 932 4124 adversarii
957 4054 1219 4145 primoquidem
1238 4075 1325 4120 nova

156 4226 160 4233 f
268 4177 306 4220 re
337 4150 481 4243 perculsi
512 4154 699 4241 quiescuntr
734 4172 847 4247 postea
882 4179 963 4226 vero
997 4180 1098 4244 quum
1137 4168 1325 4246 reputarent

268 4254 404 4344 Lycone
434 4253 628 4324 damnato
615 4281 683 4347 jam
714 4281 753 4326 eo
780 4281 852 4326 rent
872 4258 1043 4326 deductam
1064 4281 1156 4342 esse,
1188 4273 1225 4322 ut
1244 4278 1323 4322 neu·
