2824 4844
600 1345 645 1402 ll(
667 1345 995 1406 retentatur-ott

367 1511 702 1588 otautorus
733 1467 846 1586 etto
875 1516 1236 1592 suentense.

266 1737 431 1830 Servavit
442 1760 506 1829 ltoo
517 1760 739 1849 fragmentum
747 1757 931 1854 Dionysius
943 1760 1245 1832 Halicarnassensis
1258 1763 1320 1856 jud.

250 1861 307 1934 xtle
328 1862 440 1944 Isaeo,
469 1863 557 1952 0pp.
581 1876 660 1928 tom.
683 1859 716 1926 V
737 1887 770 1950 p.
792 1863 856 1928 618
877 1851 995 1930 Reislt.
1024 1863 1070 1934 0.
1093 1865 1134 1932 G.
1157 1883 1242 1933 tom.
1266 1865 1321 1932 Vll
1385 1913 1386 1944 t

265 1983 299 2054 p.
321 1966 396 2030 353.
445 1961 538 2028 Idem
567 1962 666 2030 etiam
688 1962 728 2028 tle
759 1987 856 2030 causa
876 1962 1046 2055 Euphileti
1073 1967 1227 2055 exposuit
1249 1991 1321 2056 qnae

265 2066 485 2156 hypotheseos
505 2065 579 2130 loco
600 2087 620 2129 a
641 2088 695 2129 me
717 2063 878 2153 adscripta
900 2080 995 2150 suut,
1028 2066 1146 2152 quibus
1168 2092 1321 2159 perpauca

265 2181 391 2232 tautum
419 2164 565 2230 addenda
594 2164 760 2233 videntur.
811 2165 896 2234 Nam
920 2167 959 2232 do
980 2167 1049 2234 illia
1071 2193 1235 2258 pagorum
1261 2172 1321 2234 δια-

264 2269 431 2353 ψηφίσεων
452 2290 629 2353 eorumque
651 2266 706 2354 qui
728 2265 822 2356 ejecti
844 2281 949 2334 essent
964 2270 1198 2356 provocatione
1214 2271 1256 2337 ad
1277 2272 1323 2363 ju·

265 2369 353 2436 dices
374 2383 405 2435 et
426 2367 466 2434 tle
487 2391 593 2459 poena
613 2367 782 2435 servitutis
804 2389 902 2454 quarn
929 2366 1083 2435 subibant
1103 2371 1160 2457 qui
1181 2371 1322 2460 judicum

263 2494 389 2559 quoque
410 2468 579 2538 sententiis
600 2469 809 2535 condemnati
828 2484 937 2534 essent
956 2469 1034 2536 satis
1054 2473 1158 2538 multa
1180 2488 1215 2540 et
1235 2499 1254 2540 a
1276 2497 1323 2540 me

263 2573 350 2639 dicta
376 2588 453 2638 aunt
473 2571 513 2638 de
542 2570 665 2636 comitt.
688 2571 770 2637 Atta.
802 2594 835 2658 p.
858 2570 924 2636 380
944 2585 975 2636 et
996 2595 1016 2638 a
1035 2571 1161 2639 Meiero
1184 2575 1224 2640 de
1248 2576 1322 2642 hon.

263 2671 854 2764 damu.p.78sqq.de.Platue1-.
877 2667 996 2762 syme.
1019 2673 1059 2738 aa
1080 2673 1110 2741 1.
1127 2675 1173 2740 Α.
1196 2699 1229 2762 p.
1253 2678 1322 2758 toa,
1384 2659 1385 2672 ‘

262 2803 359 2867 quem
389 2775 520 2863 quidem
548 2776 588 2839 de
617 2774 677 2838 illa
707 2771 830 2838 oivium
860 2773 1099 2859 recognitione,
1137 2799 1221 2861 quae
1242 2777 1324 2841 lauta

263 2897 312 2948 est
328 2879 467 2970 Olymp.
479 2873 684 2958 LXXXIII,
705 2871 739 2956 4,
762 2887 911 2963 praetore
925 2873 1177 2963 Lysimaphide,
1205 2878 1323 2944 rectius

261 2981 409 3074 judicare
439 2975 582 3041 arbitror
609 2999 708 3062 quam
729 2973 901 3040 Meierum.
951 2974 1036 3042 Nam
1058 2977 1166 3063 legem
1188 2977 1229 3042 de
1251 2977 1325 3044 tali·

262 3084 323 3148 bus
350 3078 569 3161 διαψηφίσεων
595 3101 696 3162 quum
718 3099 798 3164 opus
826 3089 910 3142 esset
940 3075 1148 3144 instituendis
1170 3080 1325 3166 omnique

261 3182 312 3249 rei
332 3179 536 3270 peragendae
556 3178 655 3246 modo
677 3175 803 3264 primus
824 3175 936 3246 tulisse
957 3177 1088 3246 videtur
1102 3177 1326 3270 Demophilus

263 3284 400 3374 Olymp.
423 3276 500 3364 XC,
522 3282 555 3364 2,
583 3277 712 3345 Archia
739 3293 906 3367 praetore,
939 3303 1074 3367 eamque
1103 3279 1213 3369 ipsam
1239 3281 1326 3347 desi·

261 3385 359 3474 gnari
379 3384 476 3449 oredo
497 3404 516 3447 a
533 3379 712 3470 Dionysio.
756 3377 911 3446 (laterum
926 3381 1011 3467 quod
1029 3380 1083 3446 hic
1101 3380 1182 3447 dicit
1204 3381 1325 3470 ἐγράφη

261 3513 308 3564 τις
327 3483 386 3550 inl
407 3489 468 3550 τῶν
486 3479 660 3565 Ἀθηναίων
681 3477 776 3563 νόμας
796 3497 833 3547 ut
858 3481 1037 3571 impropria
1059 3480 1184 3548 dictum
1206 3483 1328 3550 merito

260 3587 438 3656 Reislsium
459 3583 614 3652 offendit:
656 3605 732 3648 nam
759 3579 886 3668 γράφειν
907 3578 1003 3664 νόμον
1028 3581 1231 3668 legislatoris
1252 3600 1329 3650 tan·

260 3705 331 3756 tum
353 3703 419 3768 est3
452 3686 591 3774 populus
621 3682 715 3765 νόμον
741 3686 873 3750 τίθεται.
915 3683 1093 3774 Propterea
1113 3684 1330 3764 scribendum

260 3787 417 3858 Reiekius
437 3785 560 3878 judicat
580 3780 639 3850 ἱαιό
661 3809 717 3850 του
738 3790 799 3850 τῶν
816 3783 1010 3869 Ἀθηναίωιι
1039 3809 1100 3873 ego
1114 3785 1156 3850 ab
1178 3784 1253 3874 ipso
1267 3811 1330 3877 po·

261 3891 326 3956 tius
339 3886 505 3978 Dionysio
524 3910 621 3974 quam
642 3911 662 3952 a
682 3885 820 3952 librario
837 3900 1004 3974 peccatum
1027 3909 1095 3952 essa
1113 3887 1330 3953 crediderim.

259 3989 328 4059 Neo
348 3990 459 4079 paullo
486 3988 573 4054 infra
603 3988 762 4056 assentior
781 3986 919 4066 Reiakio
947 3987 1156 4054 scribendum
1178 4011 1250 4054 esse
1273 4001 1332 4053 ant

260 4093 315 4158 atla
336 4090 440 4177 ἀγῶνα
461 4089 548 4156 so'vtle
570 4089 673 4156 οὕτω
695 4090 868 4154 διατίθεται
889 4104 946 4154 aut
966 4110 994 4154 τ.
1016 4085 1047 4152 ἀ.
1068 4090 1161 4174 τῇδε
1183 4089 1269 4154 laur.
1288 4125 1331 4141 ι-

261 4192 370 4262 (lausa
390 4208 498 4261 autem
518 4193 554 4260 iu
576 4185 808 4279 quaterentur
824 4192 907 4256 haee
923 4189 1028 4256 oratio
1050 4203 1097 4254 est
1118 4189 1331 4280 hujusmodi.

259 4293 391 4385 Ejectus
418 4294 549 4362 eratin
576 4294 758 4378 διαψηφίσει
785 4291 827 4358 ab
847 4289 1101 4376 Erctiensibus,
1135 4289 1193 4378 qui
1221 4313 1332 4382 pagus
