2910 4830
283 363 347 432 ete
595 367 598 372 '
636 357 684 430 IN
704 355 983 431 ORATFONEM

284 544 413 608 uratur,
435 528 510 595 ”aed
536 527 673 597 Atticus
692 499 839 620 ›seriptu‘r
873 526 1060 616 κληροὸὅτης
1091 523 1237 612 dixerit}
1264 528 1335 596 dein

284 630 503 698 etiamsinon
523 631 667 697 alienum
688 645 771 698 esset
791 631 855 697 hoe
873 632 1071 697 vocabulum
1092 631 1134 695 ah
1154 629 1352 698 Attieornm.
1437 657 1438 662 ¹

284 731 537 822 cunsuetudine‚
568 733 609 796 eh
636 732 701 798 hee
731 746 818 798 uerte
843 733 917 798 loeo
940 732 1086 799 alianum
1106 755 1175 798 esse
1196 746 1336 819 apparet·
1437 719 1438 766 ³

283 833 368 898 Nam
398 855 498 918 quum
528 829 718 917 κληροδότης
737 856 806 899 nun
832 832 935 920 possit
956 833 1021 900 nisi
1043 855 1119 902 enm
1140 832 1337 918 significare,
1437 885 1438 932 4

283 933 341 1021 qui
361 947 552 1000 testamento
565 933 662 1000 alteri
679 934 893 1001 hereditatem
907 933 1093 1022 reliquerit,
1121 949 1178 999 aut
1197 949 1338 1000 atatuen-
1437 959 1438 1016 ι

21 1023 22 1058 ³
157 1091 170 1124 ·.
283 1036 363 1100 dum
389 1034 453 1100 erit
477 1032 655 1112 metuero,
689 1034 783 1100 illem
815 1035 957 1122 quinque
989 1057 1151 1102 annornm
1179 1035 1339 1124 praeseti-
1437 1065 1438 1092 ;

282 1136 428 1226 ptionem
458 1133 494 1200 in
527 1133 574 1200 eis
604 1149 731 1202 tentum
767 1135 1001 1202 hereditatibus
1037 1138 1148 1202 locum
1176 1135 1338 1226 habuisse,
1437 1195 1438 1208 ,

282 1257 365 1324 quae
380 1261 426 1304 ex·
438 1227 649 1313 testamento,
677 1259 743 1302 nen
759 1259 842 1323 quae
857 1235 899 1302 eh
912 1236 1063 1304 intestato
1080 1237 1205 1302 deletae
1221 1247 1339 1320 essent,
1437 1231 1438 1244 ¹

282 1338 317 1404 id
339 1338 427 1428 qnod
446 1338 540 1403 nolle·
555 1335 666 1402 virum
687 1336 911 1404 doctissimum
932 1353 1020 1403 certo
1042 1336 1127 1415 scie,
1158 1353 1215 1403 ant
1234 1339 1340 1404 feten·
1437 1403 1438 1432 ,

283 1441 362 1506 duaa
383 1463 451 1506 nen
477 1434 667 1522 ultqpeddspe
687 1437 858 1504 dicendum
880 1437 999 1522 fnisse,
1030 1440 1087 1505 sed
1117 1435 1134 1502 ὅ
1162 1436 1341 1503 καταλιπὼν

283 1540 337 1608 τὸν
357 1547 469 1626 κλῆροι
488 1539 542 1607 vel
564 1528 601 1603 οὗ
621 1531 659 1622 ἦν
680 1533 696 1605 ὅ
718 1543 844 1625 κλῆρος,
866 1539 1235 1626 quemadmodumaliee
1254 1563 1342 1608 sem·
1437 1603 1438 1632 ,

281 1667 341 1734 per
361 1656 507 1708 oratores
525 1639 618 1726 loqui
637 1641 755 1706 solent.
798 1639 895 1725 Quod
917 1655 1025 1708 entem
1045 1640 1207 1706 librorum
1226 1640 1343 1706 lectio·

281 1767 359 1811 nem
380 1737 567 1827 κληρονόμος
596 1762 665 1808 nen
685 1756 793 1830 aptam
814 1763 883 1808 esee
904 1741 985 1807 dicit
1004 1741 1103 1832 hujus
1122 1743 1189 1810 loci
1209 1755 1345 1809 ‘senten-

148 1921 151 1928 ,
282 1847 365 1929 tiae,
401 1866 518 1940 parum
548 1866 583 1909 ae
612 1842 751 1909 oraturis
783 1857 926 1910 mentem
953 1843 1157 1933 perspexisse
1188 1843 1344 1910 ostendit.

281 1945 359 2014 Nun
377 1945 467 2012 enim
487 1945 518 2018 is,
537 1943 604 2032 peti
618 1943 754 2010 omnino
767 1943 895 2034 Pyrrhi
916 1943 1130 2011 hereditatem
1150 1959 1219 2012 tam
1238 1946 1346 2028 longo

173 2035 176 2046 ’
281 2061 355 2137 pest
375 2031 476 2136 haine
499 2059 640 2110 mortem
664 2059 811 2133 tempere
831 2067 890 2133 per
909 2046 1000 2131 leges
1020 2069 1115 2134 posse
1136 2062 1253 2134 neget,
1286 2043 1372 2120 sed,

280 2149 328 2216 ite
356 2147 464 2237 potius
491 2158 756 2232 argumentatum
789 2145 902 2230 Quam
921 2146 1001 2213 vive
1022 2145 1136 2213 lindie·
1156 2169 1217 2236 per
1237 2167 1348 2213 annue

224 2234 226 2248 ’
276 2249 422 2342 emplius
442 2245 564 2335 viginti
582 2237 711 2312 riullem
732 2246 772 2311 de
793 2245 971 2312 hereditate
991 2246 1250 2316 controversiam
1272 2270 1350 2314 me·

280 2351 392 2418 verint
421 2347 619 2430 adversarii,
657 2346 735 2434 qnid
764 2363 852 2432 eret,
885 2347 970 2434 qued
1001 2364 1074 2437 pest
1100 2347 1170 2439 ejas
1201 2365 1350 2415 mortem

280 2467 349 2520 tam
360 2451 469 2520 subito
484 2448 674 2520 hereditatis
688 2448 875 2538 petitionem
887 2448 1106 2532 instituerent,
1128 2473 1230 2546 quum
1246 2473 1351 2542 pree·

194 2563 202 2574 '
236 2589 238 2596 ·
281 2554 395 2622 sertim
425 2566 513 2618 tente
539 2550 749 2618 festinatione
775 2550 863 2615 nihil
883 2573 963 2638 opus
985 2565 1088 2630 esset,
1119 2551 1176 2617 aed
1197 2565 1352 2618 tanturn·

280 2657 381 2722 mede
408 2655 495 2720 intre
516 2651 667 2739 quintum
697 2653 739 2718 ab
760 2649 859 2716 Endii
879 2666 985 2724 morte
1006 2674 1129 2718 annum
1149 2651 1354 2741 petitionem

280 2754 411 2824 institui
431 2756 520 2840 leges
541 2753 712 2842 juberent?
742 2751 880 2820 ‘Scilicet
898 2752 978 2820 vivo
998 2751 1106 2818 lindie
1127 2762 1264 2821 eausam
1287 2757 1354 2823 oh-

280 2857 380 2924 tineri
400 2879 494 2945 posse
516 2855 748 2943 desperahent;
785 2869 858 2942 pust
878 2853 949 2942 ejus
968 2869 1111 2922 mertem
1131 2854 1355 2944 cupidissime

280 2958 391 3026 atatim
413 2955 627 3022 hereditatem
647 2955 825 3038 invadunt,
852 2954 1036 3024 faciliorem
1058 2959 1146 3022 nunu
1166 2956 1356 3026 victoriana

247 3143 251 3150 ι
279 3062 353 3127 lure
380 3071 564 3154 sperantesr
600 3056 645 3148 in,
671 3079 734 3142 qno
761 3055 827 3122 sibi
853 3056 919 3145 ipsi
946 3071 1130 3145 repugnant
1156 3080 1213 3143 ee,
1257 3057 1356 3148 qnod

279 3185 369 3229 nuuc
391 3181 485 3239 eum,
517 3155 571 3222 cui
591 3156 671 3222 dnm
690 3156 819 3224 viveret
839 3159 967 3224 nullam
988 3159 1248 3229 controversiam
1273 3185 1357 3228 mo-

278 3275 359 3331 vete
388 3259 460 3326 ensi
490 3270 598 3342 erant,
628 3272 738 3324 tamen
766 3257 1132 3348 injuria—hereditatem
1159 3261 1358 3349 pessedisse

188 3403 192 3417 ι
279 3362 498 3443 centendunt,
520 3361 748 3447 bonaquenen
762 3373 927 3444 tamquam
949 3361 990 3426 ab
1012 3361 1076 3426 heu
1096 3361 1152 3428 aed
1173 3376 1358 3450 tamqnam

280 3487 302 3531 a
328 3462 462 3554 Pyrrhe
489 3460 603 3528 relicta
631 3461 696 3530 sihi
723 3459 904 3552 adjudicari
931 3463 1107 3550 postulant.
1155 3461 1300 3531 Etenim
1326 3465 1361 3532 si
1389 3543 1393 3548 1

261 3563 403 3656 injuria
423 3563 482 3634 ille
503 3560 669 3652 possedit,
699 3587 759 3628 cur
778 3578 847 3630 tem
867 3562 925 3628 diu
945 3562 1110 3652 possidere
1130 3563 1219 3654 passi
1239 3569 1360 3634 ennt'l

279 3665 331 3732 sin
352 3663 442 3754 jure,
472 3664 531 3751 qui
548 3664 626 3730 lieet
653 3686 742 3730 nunc
762 3687 828 3729 nen
848 3663 1028 3738 fraternam
1048 3665 1270 3733 hereditatem
1297 3691 1365 3736 so

279 3789 350 3832 rura
338 3765 425 3832 sed
445 3781 614 3854 paternam
627 3759 724 3830 filine
743 3751 890 3854 petil·-
910 3762 1064 3832 Getarum
1084 3768 1180 3856 plura
1201 3767 1284 3832 de
1269 3784 1363 3856 reta,

278 3889 382 3958 qnam
392 3865 567 3933 Platnerus
588 3865 765 3950 confinxit,
791 3850 1046 3956 praeseriptidne
1066 3865 1297 3954 quinquennii
1321 3873 1370 3937 in

277 3969 362 4034 eueni
389 3965 579 4033 hereditatis
608 3964 766 4054 petitione
787 3966 975 4034 dicentur
962 3991 1000 4032 sn
1019 3989 1166 4055 prooem
1188 3969 1231 4034 ed
1257 3987 1365 4041 oret.

278 4070 318 4136 de
338 4066 528 4135 Aristarchi
548 4067 739 4134 hereditate.
806 4124 807 4132 ,
834 4121 837 4126 .
1311 4097 1314 4104 ’

361 4169 400 4256 ξ.
421 4168 476 4235 59.
507 4154 583 4233 Nun
604 4169 666 4234 hue
694 4170 802 4235 selum
823 4167 980 4236 vitiosum
1007 4171 1112 4236 estin
1133 4171 1372 4246 adversariu-

277 4291 353 4338 rmn
373 4267 544 4360 petitione,
570 4269 656 4356 quud
676 4266 822 4360 Pyrrhi,
843 4293 913 4337 nen
924 4269 1025 4338 Endii
1045 4272 1270 4341 hereditatem
1297 4303 1372 4368 pe..
