2846 4832
223 309 289 378 roo
373 359 377 368 .
585 305 632 374 ιιι
652 305 930 380 ommonem
1055 385 1058 390 ,

152 484 159 506 .
223 479 381 571 plicatur,
410 477 550 547 verbum
557 471 840 586 κατῳκοδόμησιν,
877 477 962 564 quod
984 502 1218 570 saepenumero
1238 482 1290 550 ibi

224 578 371 648 extitisse
392 577 489 661 dicit,
518 561 713 666 pertinuisse
728 578 859 646 videtur
880 579 923 645 ad
943 581 1167 656 narrationem
1188 583 1289 674 hujus

168 751 173 762 ,
224 682 260 748 in
281 679 415 747 alterius
437 679 561 746 sororis
582 679 738 748 maritum
750 679 920 748 facinoris
965 679 1174 770 Quamquam
1195 708 1290 752 scru-
1323 745 1330 756 .

222 785 338 872 pulum
359 779 481 869 injicit,
512 780 597 866 quod
619 779 836 867 Harpocratio
857 781 1071 868 explicationi
1097 807 1175 850 suae
1197 786 1290 852 addit

224 885 275 949 sul
296 881 477 947 ἀπέκτεινεν.
523 881 610 949 Nam
629 881 835 949 interfectum
864 883 951 948 hunc
973 883 1106 969 quidem
1127 909 1194 950 nou
1217 909 1289 953 esse

225 997 376 1074 apparat;
407 983 638 1068 quemobrem,
670 982 737 1050 nisi
758 1007 883 1050 errasse
904 983 1200 1072 Harpocrationem
1220 1000 1289 1053 sta·

223 1101 371 1181 tuamne,
402 1084 451 1149 ad
469 1082 555 1148 alius
583 1081 765 1174 cujuspiam
778 1084 942 1151 ¹facinoris
963 1085 1187 1152 narrationem
1208 1082 1289 1156 ver'·

223 1188 304 1254 bum
323 1185 407 1251 illud
428 1183 624 1273 pertinuisse
655 1184 827 1274 oportebit.
870 1184 979 1272 Atque
1003 1187 1043 1251 da
1064 1187 1127 1252 hac
1150 1187 1289 1274 quidem
1409 1217 1410 1220 ¹

224 1313 260 1356 re
275 1287 426 1374 equidem
446 1285 481 1351 in
503 1299 653 1351 neutram
667 1303 792 1374 partem
809 1285 987 1373 quidquam
1001 1288 1179 1370 affirmem
1212 1315 1289 1354 κατ-

223 1391 394 1469 οικοδιμιΐν
420 1402 527 1454 autem
557 1385 668 1474 ipsum
695 1410 755 1474 per
784 1410 819 1452 se
846 1387 934 1454 nihil
963 1386 1053 1453 aliud
1085 1389 1288 1476 significare,

222 1491 299 1559 nisi.
317 1489 479 1554 includere
505 1488 638 1572 aliquem
664 1488 768 1571 aliquo
797 1490 882 1566 loco,
916 1487 1070 1553 obstructo
1090 1491 1175 1554 omni
1193 1491 1289 1557 exitu

223 1593 303 1661 satis
324 1603 460 1657 constat.
503 1587 583 1656 Vid.
605 1603 734 1677 praeter
755 1587 868 1672 Vales.
891 1588 932 1654 ad
953 1587 1148 1678 Harpocrat.
1170 1616 1205 1681 p.
1222 1593 1289 1660 338
1410 1619 1411 1632 ι

223 1696 275 1762 ed.
294 1692 386 1782 Lips.
406 1688 537 1755 Duker.
559 1689 600 1755 ad
623 1687 780 1780 Thucyd.
794 1686 859 1774 lll,
879 1691 934 1757 81.
956 1703 989 1754 et
1008 1689 1049 1755 de
1068 1692 1174 1758 verbo
1195 1690 1289 1758 duor-

223 1798 363 1877 κοδομεΐν
391 1789 545 1858 similiter
571 1805 725 1878 usurpato
747 1787 981 1857 Schaeteroad
999 1789 1174 1859 Plutarch.
1197 1793 1231 1858 V
1250 1820 1287 1884 p.
1410 1803 1411 1812 ¹

162 1885 167 1894 ⁵
224 1898 299 1965 140·
341 1897 489 1984 Apparet
516 1906 625 1958 sutem
651 1906 763 1958 nostro
790 1892 863 1958 loco
884 1891 991 1980 potius
1011 1889 1145 1960 inverso
1169 1894 1289 1964 ordine

224 1996 400 2065 dicendum
413 1989 514 2059 luisse
533 1988 749 2072 ἐπιβουλεύσας
764 1995 816 2056 rol
829 1989 1112 2076 snroaxodopo'ooss
1132 1995 1190 2060 sed
1205 1995 1289 2063 talia

223 2094 432 2184 πρωθύσιιρα
444 2118 510 2159 non
522 2093 698 2158 admodum
708 2117 786 2186 rara
803 2117 874 2160 esse
887 2116 983 2160 nemo
1004 2094 1149 2182 ignorat.
1175 2094 1288 2188 ‘’Hrt-
1329 2127 1332 2133 ·
1411 2125 1412 2144 ι

194 2222 309 2284 ·μωσι
330 2219 393 2284 quo
421 2217 519 2261 sensu
549 2192 776 2282 accipiendum
804 2194 869 2278 sit,
895 2218 964 2260 non
984 2194 1098 2283 liquet.
1140 2195 1289 2266 Meierus

225 2295 357 2416 quidem
384 2297 424 2363 de
455 2294 526 2361 ord.
554 2293 624 2385 jud.
653 2319 687 2383 p.
709 2299 774 2364 320
800 2310 869 2363 not.
891 2295 935 2362 82
960 2296 1001 2362 de
1028 2311 1141 2386 stupro
1163 2298 1314 2385 cogitat.

58 2429 60 2438 ’
155 2468 161 2480 ,
191 2401 196 2449 1
223 2400 375 2500 pervim
402 2391 530 2480 illato,
547 2419 611 2482 quo
637 2397 765 2462 facto
753 2422 782 2464 rs
804 2396 861 2485 qui
886 2410 1048 2485 stupratus
1076 2413 1146 2464 erat
1174 2397 1289 2480 ἄτιμος

223 2507 331 2585 factus
354 2500 408 2566 sit.
460 2494 526 2565 Sed
559 2497 644 2564 mihi
674 2515 707 2565 et
727 2493 839 2569 lsaec'
827 2519 899 2617 spsa
919 2496 1108 2564 facinoris
1095 2501 1287 2567 rmmanitas
1323 2521 1328 2538 ·

151 2635 158 2654 ’
223 2601 430 2675 incredibilis
443 2599 595 2681 videtur,
624 2622 729 2689 neque
745 2605 773 2668 si
789 2601 861 2692 quis
882 2598 945 2663 hoc
948 2600 1083 2684 modo,
1111 2601 1203 2668 nulla
1226 2626 1288 2670 sua
1412 2589 1413 2656 ἶ

223 2710 336 2798 culpa,
365 2703 437 2772 vim
467 2701 547 2766 ab
535 2699 672 2768 mimico
692 2716 861 2813 perpessos
879 2713 993 2784 esset,
1024 2716 1196 2791 propterea
1217 2702 1287 2768 ἀτι-

223 2809 279 2897 μία
294 2829 370 2872 eum
388 2801 497 2870 notari
513 2801 654 2890 potuisse
668 2797 833 2864 existimo.
875 2797 1077 2867 Fatesmur
1066 2801 1170 2888 egitur
1186 2827 1287 2891 opor·

223 2925 269 2978 tet
297 2905 424 2974 nescire
453 2927 534 2984 uos,
563 2913 705 3018 quop'am
737 2900 833 2964 modo
860 2899 919 2966 ille
946 2902 1089 2976 inclusus
1117 2927 1136 2969 a
1165 2904 1286 2973 Diocle

223 3009 333 3093 ἄτιμος
352 3007 456 3079 lactus
477 3004 536 3085 εἰη
572 3001 638 3067 nisi
666 3003 751 3068 sorte
777 3001 963 3068 verbum'
944 3005 1078 3086 ητίμωσε
1104 3005 1286 3096 improprie

224 3113 348 3179 dictum
370 3105 566 3195 accipiamus
593 3125 672 3191 prot
696 3103 792 3194 grand
810 3115 841 3166 et
861 3101 975 3188 infarri
994 3108 1180 3171 contumelio
1200 3110 1286 3195 uffe-

171 3281 175 3292 ,
224 3216 287 3296 cit,-
314 3221 512 3299 quamquam
532 3202 631 3292 hujus
652 3195 731 3270 usus
748 3204 882 3269 necllum
903 3207 1093 3292 exemplum
1112 3231 1167 3274 me
1189 3209 1287 3277 inve·

135 3389 139 3398 ¹
223 3317 299 3383 nire
329 3306 484 3385 me'mini,
521 3320 553 3371 et
577 3304 705 3390 ἠτίμασε
736 3305 843 3394 potius
872 3306 1081 3376 scribendum
1111 3310 1284 3397 suaserim,

223 3416 310 3506 quod
331 3432 407 3478 cum
426 3409 493 3474 illo
508 3409 610 3474 altero
632 3429 726 3495 saepe
746 3407 927 3495 permutari
946 3424 1083 3476 constat.

308 3513 347 3601 ᾧ.
368 3510 423 3578 42.
451 3511 562 3596 φιλλέα
590 3509 624 3573 δὲ
653 3507 765 3592 [χωρίιι
786 3506 893 3592 ezra}
935 3508 1011 3576 Huc
1032 3511 1202 3616 pertinet
1194 3512 1285 3579 Har·

223 3612 423 3735 pocretionis
444 3613 626 3698 glossema.
657 3608 786 3674 uettta.
804 3608 922 3684 Ἰσαῖος
943 3609 974 3675 ἐν
995 3616 1040 3698 τῷ
1060 3613 1204 3698 περὶτοῦ
1224 3615 1284 3680 Ill-

226 3741 324 3807 ρωνος
344 3710 470 3799 κλήρου.
496 3736 535 3777 τα
524 3708 688 3796 πετρώδη
709 3711 761 3774 καὶ
784 3712 924 3796 clydlorc
944 3699 1044 3797 χωρῖα
1066 3714 1194 3800 φελλέως
1214 3710 1284 3779 dxci·

225 3826 308 3886 λουν.
349 3815 516 3907 Apparet,
543 3813 679 3900 opinor,
706 3811 1001 3902 Harpocrationem
1015 3814 1127 3899 φιλλέα
1149 3837 1209 3904 pro
1231 3839 1284 3881 ac·

226 3920 371 3990 cusativo
384 3917 537 3985 habuisse
556 3913 737 4001 singulari,
770 3937 788 3979 a
809 3913 1014 3982 nominativo
1032 3913 1171 4002 φελλεύςς
1198 3917 1282 4004 quod

225 4021 257 4090 si
276 4021 322 4088 its
338 4034 405 4104 est,
441 4019 523 4083 haec
542 4017 644 4084 verba
666 4013 767 4099 χωρία
790 4012 879 4079 diso·
899 4017 982 4081 lecta
1004 4017 1044 4082 sb
1067 4041 1106 4083 eo
1128 4041 1193 4084 uon
1216 4041 1284 4084 esse

225 4122 435 4192 manilestum
462 4132 530 4198 est3
571 4140 654 4203 quae
679 4115 709 4181 si
734 4115 884 4204 legisset,
921 4115 1031 4203 φιλλέα
1061 4118 1130 4204 (aut
1159 4117 1284 4214 ψέλλια)

225 4220 293 4292 nou
313 4220 418 4314 potuit
438 4241 507 4286 non
526 4239 587 4304 pro
609 4216 770 4308 adjectivo
790 4218 899 4308 potius
914 4243 1110 4318 agnoscere,
1137 4245 1157 4288 a
1178 4222 1284 4291 nomi·
