2846 4832
236 366 301 430 αν
346 411 348 418 .
600 355 952 426 tuosnnonnn
988 299 1015 370 7

241 527 501 616 terlitger'et,.§.
516 527 629 594 39.--
646 521 748 611 ὥσπερ
769 515 915 598 citasti
936 525 993 588 τοῦ
1014 517 1130 606 κλήρου
1151 520 1315 609 πεποιήκα-

243 653 292 696 σιν
311 632 409 720 plane
423 629 546 694 'eodem
566 626 666 693 modo
686 625 812 692 dietum
835 639 902 708 est,
933 639 972 689 ut
992 624 1077 712 apud
1094 624 1253 716 Thucytl.
1267 623 1316 709 ll,

243 733 302 800 49:
340 731 392 794 nol
420 729 525 794 πολλοὶ
557 732 649 794 τοῦτο
671 733 715 778 ὲ·-
735 727 788 792 ιιαδ
819 723 955 808 ἔδρασαν
982 725 1032 799 εἰς
1045 723 1184 810 φρέατα,
1216 749 1317 813 quum

197 854 199 868 ·
244 828 457 923 praecesserit
468 830 510 903 εἰς
531 825 616 914 ὕδωρ
629 823 760 902 ἓαοτοδς
780 823 905 914 ῥίπτειν.
948 827 1039 912 Apris
1060 825 1151 896 euim
1172 841 1205 893 et
1224 833 1317 893 ποιεῖν

246 953 482 1022 saepenumero
503 928 591 996 nihil
611 928 678 1012 nipi
703 926 826 1017 prioris
846 925 944 995 verbi
965 926 1135 995 notionem
1154 942 1316 1018 repetunt.
1370 977 1379 994 .

250 1032 303 1101 (ll.
326 1032 484 1124 Thucyd.
507 1028 551 1114 V,
572 1031 626 1096 70.
648 1027 810 1096 lle'rotlot.
833 1026 885 1107 V,
907 1029 961 1095 97.
1057 1083 1061 1098 .

332 1133 371 1222 ᾗ.
392 1134 447 1199 30.
478 1128 737 1214 δεδοκιμασμένος
755 1166 800 1180 ·-
826 1133 966 1204 τοιοῦτος
991 1124 1077 1194 εἶναι.
1127 1127 1174 1196 Η.
1209 1154 1240 1199 e.
1271 1129 1319 1195 ὅτι

250 1230 389 1310 resciscit,-
408 1235 489 1315 εἰμι,
514 1233 573 1299 vel
598 1235 739 1305 τοιοῦτος
764 1227 817 1296 ὤν.
860 1228 927 1297 Sed
949 1231 1035 1317 συοδ
1065 1229 1214 1317 sequitur
1229 1231 1269 1296 ’ἓν
1288 1255 1318 1294 τι

250 1345 313 1414 τῶν
338 1333 396 1401 δυ’
424 1335 538 1400 ἐκείνου
565 1331 820 1416 δοκιμασθέντων
848 1331 889 1398 tle
915 1334 1015 1398 rebus
1035 1323 1184 1399 noudum
1212 1331 1320 1416 lactis,

251 1439 308 1508 setl
325 1460 406 1526 quas
426 1435 487 1502 ille
508 1431 564 1501 τδν
585 1434 820 1516 δοκιμασθέντα
839 1435 1006 1500 factorum
1018 1456 1088 1500 esse
1101 1432 1320 1523 judicaverat,

251 1541 363 1632 paullo
384 1535 579 1617 insolentius
601 1534 690 1601 baud
712 1535 810 1600 dubie
838 1534 1042 1601 dictumest.
1084 1534 1192 1621 Atqui
1212 1559 1321 1602 mores

253 1638 393 1732 alicujus
414 1653 510 1723 atque
540 1635 715 1724 ingenium
736 1634 972 1725 experimentis
998 1656 1157 1721 cognosse
1179 1633 1323 1728 (δοκιμά-

254 1742 321 1830 σαι)
331 1786 341 1819 ,
372 1741 434 1806 boc
454 1738 564 1826 ipsum
583 1737 824 1824 quodammodo
839 1736 1005 1804 continet:
1036 1736 1226 1826 intelligere
1242 1762 1323 1826 qua-

253 1843 301 1910 lia
326 1841 386 1908 ille
413 1837 515 1906 etis'm
543 1839 679 1928 posthac
705 1839 853 1906 facturus
880 1837 935 1906 sit.
985 1837 1212 1923 Quamobrem
1241 1840 1322 1906 baec

254 1965 383 2031 qnoque
395 1954 531 2032 possunt
545 1939 779 2023 δοκιμασθέντα
800 1939 886 2024 (lici,
918 1938 1155 2028 experimentis
1176 1949 1210 2006 et
1229 1941 1324 2029 quasi

255 2040 492 2132 speciminibus
504 2039 728 2130 praecognita.
771 2040 816 2109 Et
834 2043 920 2108 hanc
940 2041 1244 2130 interpretationem
1264 2067 1324 2110 ve-

256 2141 380 2212 riorem
408 2142 553 2209 arbitror
583 2166 683 2262 qpam
709 2163 793 2230 quae
822 2141 964 2209 Reiskio
995 2141 1131 2232 placuit.
1174 2141 1209 2210 Is
1231 2144 1324 2211 euim
1407 2193 1408 2228 p

257 2241 541 2332 „sigmflcutne,“
583 2244 651 2328 uit,
687 2267 826 2329 „eorm
852 2267 947 2310 υνιυννι
976 2244 1118 2338 αδὶσυίδ,
1154 2268 1238 2328 συοε
1268 2246 1328 2310 sebi

247 2345 409 2442 socienda
432 2359 640 2432 proposuerat
671 2358 703 2411 et
730 2345 892 2430 fccr'soet'
877 2369 943 2431 epse
959 2348 1074 2431 procul
1092 2345 1187 2411 dubio
1207 2371 1235 2411 se
1228 2347 1327 2412 διἀ-

257 2452 323 2518 le'tts
341 2446 559 2534 atpoyiu'ssct,
587 2471 698 2533 νοσαν,
726 2445 849 2532 συοδ
834 2471 900 2532 epse
919 2469 981 2512 non
996 2449 1116 2532 poledi,
1138 2448 1217 2512 ινιιΙνί
1235 2473 1327 2514 exse·

111 2587 118 2604 ·
258 2551 413 2638 συιοδονο
443 2549 762 2616 mmmmm-
788 2549 871 2618 Mox
892 2548 932 2614 δι
958 2548 1236 2640 gymnasiarchia
1255 2551 1325 2618 vid.

132 2703 136 2710 ·
259 2651 411 2723 Rueckb.
427 2650 468 2716 tie
485 2673 598 2718 oecou.
614 2673 643 2718 r.
662 2651 750 2740 pot.
763 2649 785 2718 -Ι
801 2675 834 2740 p.
845 2647 910 2717 494
927 2672 996 2737 sqq.
1017 2664 1050 2716 et
1062 2648 1101 2716 tle
1119 2649 1328 2730 Prometheis

195 2759 200 2768 '
261 2756 382 2822 Meurs.
397 2751 514 2848 Graec.
536 2754 600 2820 fer.
622 2753 658 2819 b.
680 2775 716 2821 v.
739 2751 984 2840 Loquutiouem
1005 2766 1115 2818 sutem
1135 2775 1330 2839 γυμνασιαρ-

258 2864 323 2939 χιῒν
343 2855 387 2930 εἰς
405 2890 449 2904 -
469 2853 711 2926 illustravimus
731 2854 773 2920 sd
795 2877 846 2921 or.
868 2854 908 2918 te
929 2851 1091 2940 Dicaeog.
1118 2853 1193 2921 ber.
1217 2861 1252 2935 θ.
1275 2857 1327 2922 30.

212 2985 214 2990 ·
346 2956 384 3045 ἦ.
396 2957 452 3036 38.
475 2953 531 3022 οὖν
546 2955 579 3018 ἐκ
593 2955 768 3039 συμμορίας
783 2953 839 3039 τὴν
854 2959 931 3019 ease
948 2951 1164 3072 νιοιησσῖαενος.
1190 2955 1329 3046 Quippe

262 3055 448 3123 nbntlum'
436 3056 596 3122 institutis
623 3056 684 3122 illo
713 3070 859 3146 tempore
879 3049 1070 3176 symmoriis
1090 3057 1330 3138 trierarcbicis,

263 3183 343 3249 ques
364 3157 444 3224 circ.
467 3155 605 3247 Olymp.
629 3153 703 3241 (JV,
724 3155 758 3238 4,
781 3173 934 3244 quattuor
958 3159 1063 3256 igitur
1084 3173 1158 3224 aute
1180 3160 1331 3226 haneli-

159 3262 161 3269 ’
263 3278 330 3329 tem
357 3257 452 3326 uunis
482 3256 629 3347 primum
659 3254 824 3326 institutas
856 3283 926 3327 esse
953 3244 1145 3331 Boeckbius
1176 3241 1272 3327 δοοοτ
1295 3263 1332 3328 de
1402 3269 1404 3292 ²

264 3385 379 3430 oecon.
396 3381 425 3423 r.
415 3383 474 3447 ..p
464 3356 531 3424 ..A
547 3357 633 3448 llp.
643 3361 717 3428 100.
748 3358 967 3445 Ποιησάμινδς
984 3377 1094 3428 autem
1113 3359 1237 3428 nontle
1255 3387 1333 3430 con·

147 3511 149 3518 1
264 3459 422 3530 struentla
442 3483 529 3526 nova
551 3483 655 3544 neve,
685 3462 742 3528 sed
765 3462 806 3528 tle
827 3461 1002 3531 reficienda
1023 3476 1119 3551 atque
1139 3463 1334 3535 instruenda

264 3577 374 3630 vetere
390 3559 698 3651 accipiendumsest.
740 3561 827 3630 Nam
843 3565 907 3630 hoc
928 3579 1055 3631 tantum
1074 3565 1335 3633 trierarchus-um

265 3683 386 3729 munus
408 3660 514 3730 :fuisse
542 3664 744 3733 demonstrat
772 3664 820 3731 itl.
848 3665 896 3732 ib.
924 3691 957 3756 p.
979 3668 1034 3733 97.
1083 3665 1175 3733 illud
1205 3691 1336 3755 quoque

109 3831 111 3840 ,
145 3807 153 3820 ·
266 3760 338 3830 οὐδὲ
364 3760 504 3850 δεύτερος
531 3764 628 3842 αδτδς
654 3764 697 3830 ὢν
728 3764 807 3831 ἀλλὰ
839 3765 919 3857 κατὰ
947 3764 1047 3850 μόνας
1072 3765 1162 3836 idem
1190 3769 1336 3858 explicat

266 3890 300 3955 p.
313 3865 368 3950 89,
390 3881 422 3933 et
443 3864 499 3932 titio
520 3866 574 3951 ἴση
596 3863 744 3934 διαλιπών
764 3867 811 3934 ib.
834 3893 868 3958 p.
882 3869 938 3939 82.
974 3865 1204 3962 Ἀφοσιοῦσθὰι
1225 3887 1336 3937 autem

257 3967 501 4057 ‚iuterpretatur
520 3966 756 4059 Harpocratio'·
785 3968 821 4034 τδ
840 3968 886 4052 μὴ
907 3968 1033 4046 ἐντελῶς
1052 3995 1082 4036 τι
1102 3976 1247 4053 ποιῆσαι,
1269 3971 1336 4036 ἀλλ’

172 4065 176 4072 ’
271 4066 373 4155 ὥσπερ
390 4065 479 4143 ὁσίας
496 4069 610 4150 ἕνεκεν,
634 4068 849 4156 perfunctorie
862 4073 1074 4150 tantummodo
1097 4085 1129 4138 et
1149 4098 1240 4158 σιιοοι
1233 4073 1338 4140 'dieb

98 4247 104 4256 ¹
149 4217 154 4224 ·
267 4195 363 4236 οαιιοα
393 4171 518 4254 αῐδσαίδ
546 4197 653 4255 cgere.
716 4171 813 4240 Gonl.
845 4172 933 4241 Lex.
965 4171 1105 4272 Seguei.
1137 4199 1172 4263 p.
1162 4174 1302 4258 ‚472
1288 4199 1336 4240 1n.

104 4273 106 4284 '
267 4269 854 4358 vatckcn.attlerodot.lv,1st.

1384 4469 1400 4788 l
