2942 4842
365 417 428 485 nn
449 377 685 488 concurrit
703 421 1023 497 nennotmrn.
1159 433 1221 500 oc

241 587 279 676 ἦ.
300 589 336 658 2.
377 588 429 654 καὶ
448 583 787 674 τῶνὸμολογοομένονν
807 629 850 644 ·-
870 593 1076 679 Ῐοομοορῆοατ.
1104 594 1165 672 Ἡ.
1187 611 1233 666 e.‘

51 779 55 798 Ι
156 713 239 777 quae
259 713 320 757 nos
336 713 462 777 quoque
482 692 624 757 latemur
637 689 835 784 Cleonymi,
862 717 929 761 non
949 707 1086 784 paterna
1107 716 1222 767 nostra·

155 794 242 872 bona
265 811 346 858 esse.
390 791 598 879 Quamquam
612 792 725 860 relicta
746 796 827 860 haec
843 820 912 862 esse
933 798 1130 866 adversariis
1151 795 1245 868 nons

157 895 236 960 sane
257 895 418 965 fatentur.
448 894 660 980 quemobrem
675 895 841 961 maluerit
849 898 968 984 aliquis
988 901 1090 967 verbe
1111 917 1219 968 trana-

156 994 252 1084 poni
267 994 304 1061 in
326 995 414 1061 hunc
442 997 662 1070 modum··-
618 988 732 1064 -ὧν
754 994 944 1082 Κλεώνυμος
961 1001 1115 1082 κατέλιπε,
1145 1028 1219 1068 τοο-

155 1094 346 1173 amenitate
374 1098 578 1182 ῖαομοιρῆοαι,
622 1095 688 1165 Sed
710 1098 826 1186 quidni
847 1101 945 1166 etiem
971 1104 1083 1189 paullo
1104 1102 1218 1170 indili·
1286 1131 1292 1142 ¹

155 1197 286 1285 gentius
307 1213 420 1265 orator
440 1200 595 1287 loquutus
616 1199 669 1266 ait.
690 1237 735 1252 «-
754 1199 843 1266 Mox
859 1201 944 1268 hanc
970 1203 1218 1272 collocationem

154 1302 334 1367 verborum
356 1298 472 1380 πολλὴν
493 1300 622 1384 ἐρημίαν
642 1297 731 1386 ἡμῶν
750 1298 953 1386 καταγνόντες
972 1295 1216 1392 praeferendam
1257 1331 1259 1346 ·

155 1403 311 1486 vulgatae
339 1418 415 1468 enta
435 1400 630 1468 Bekkerum
659 1402 774 1491 putari
796 1403 913 1492 optimi
934 1405 1055 1470 codicis
1075 1408 1218 1472 anctori-

156 1519 223 1570 tate
243 1518 429 1592 permotus,
458 1502 512 1576 cui
533 1503 657 1569 accedit
670 1502 777 1570 'etiam
797 1505 977 1572 Ambrow
1005 1529 1082 1573 nam
1104 1506 1143 1573 de
1165 1531 1221 1572 re«
1302 1543 1304 1551 v

155 1603 256 1691 liquis
279 1603 366 1670 nihil
386 1605 527 1670 relatum
550 1602 751 1673 achillam
774 1607 911 1672 alteram
933 1607 1215 1677 habetDemoath.

157 1721 219 1772 ctr.
243 1706 382 1772 Onetor.
404 1705 434 1772 l.
456 1730 490 1794 p·
512 1705 587 1790 875,
609 1708 647 1774 6.
686 1704 841 1790 τοσαύτην
861 1702 949 1790 ὑμῶν
964 1705 1108 1791 εὐήθειαν
1128 1711 1218 1776 κατέ·
1245 1785 1248 1792 ‚

156 1825 280 1893 yvonem.
322 1805 425 1874 laocr.
448 1807 487 1873 de
504 1821 646 1896 permut.
668 1833 701 1897 p.
690 1809 779 1905 1.02
800 1809 930 1876 Orell..
958 1806 1112 1895 τοσαοτην
1124 1806 1220 1896 ἡμῶν

158 1905 306 1974 ἁπάντων
326 1905 454 1990 ἀτυχίαν
475 1904 709 1993 κατεγνώκασιν.
1288 1909 1294 1918 “

195 2011 280 2098 ’.ἦ
302 2011 336 2078 4.
355 2005 515 2095 χρώμενοι.
557 1988 789 2100 Imperfectum
810 2009 990 2080 rectissime
1011 2011 1126 2098 habet,
1155 2038 1216 2082 ne·

158 2137 220 2199 que
247 2111 459 2201 praeferenda
490 2126 539 2179 est
564 2112 636 2178 cod.
666 2111 773 2179 Paria.
803 2125 939 2178 correct.
967 2113 1153 2200 κεχρημένοι.
1172 2151 1216 2166 ·-

149 2213 211 2280 ‘Ad
241 2210 457 2278 ielouirmv‘
439 2221 512 2296 ημῖν
533 2213 585 2278 καὶ
605 2217 667 2279 τῶν
687 2210 789 2296 νόμων
812 2215 865 2277 aei
888 2211 984 2279 αὐτοῦ
1003 2220 1059 2279 τοῦ
1078 2220 1139 2282 Κλ.
1160 2240 1215 2282 ac·-

125 2339 129 2352 ·
160 2314 324 2380 coactivas
355 2339 394 2378 τα
417 2313 513 2380 αὐτοῦ
543 2314 579 2380 in
600 2318 665 2382 fine
689 2313 817 2402 periodi
839 2336 914 2380 non
927 2314 1035 2396 miuus
1056 2339 1153 2402 quam
1174 2317 1215 2383 ad

159 2415 278 2482 inlinit.
302 2417 409 2480 δοῦναι
430 2415 586 2516 pertinet.
623 2418 708 2502 quod
739 2439 876 2500 moneo,
909 2415 1064 2502 quoniam
1092 2416 1216 2484 amiens

160 2517 293 2643 quidnam
318 2532 500 2584 structurae
528 2516 783 2598 succurrendum
813 2531 904 2584 retus
930 2516 987 2600 τὴν
1016 2512 1216 2601 οπᾶρχοοσαν

160 2617 246 2705 αὐτῷ
266 2615 366 2682 ocul
374 2641 423 2681 αν
443 2617 630 2706 reponebat.

243 2718 311 2786 Pro
338 2717 526 2802 Πολυάρχου
551 2715 708 2784 Reiakius
743 2714 921 2802 Πολιάρχου
955 2697 1108 2806 scripsit,
1145 2709 1216 2784 sina

160 2844 270 2887 causa.
319 2817 505 2916 Πολυαρχος
533 2839 656 2885 nomen
685 2832 775 2884 extat
801 2820 885 2907 apud
907 2813 1113 2886 'Athenaeum
1131 2816 1217 2886 Xll.

160 2947 193 3010 p.
209 2919 275 2987 545
294 2920 341 2987 Α.
383 2919 526 2987 Panaan.
548 2918 596 2987 X.
617 2921 672 3004 20,
693 2922 727 2987 3.
748 2919 909 2986 etsimile
924 2917 1111 3005 Πολοαὶρχης
1131 2919 1214 3008 apud

159 3021 415 3111 Xenophontem
429 3019 564 3088 Hellen.
576 3019 668 3105 ll‚,3
689 3023 721 3089 2.
763 3020 852 3086 And.
867 3019 1035 3089 Plutarch.
1051 3020 1222 3088 Themiat.

161 3146 192 3191 c.
216 3125 276 3208 10,
303 3123 362 3190 ubi
382 3147 442 3212 pro
462 3123 589 3212 vulg.
577 3123 754 3205 ΠολΙαρχος
774 3120 879 3187 codex
899 3120 1025 3205 Paria',
1055 3119 1148 3212 enjus
1167 3122 1217 3187 le·

159 3224 283 3320 ctiouea
296 3221 442 3291 Sintenia
457 3248 562 3312 nuper
574 3221 768 3315 publicarit,
790 3224 885 3288 offert
895 3219 1088 3309 Πολιαρχος
1128 3219 1217 3288 Gon·-
1232 3251 1240 3274 ο

160 3311 212 3390 tra
238 3325 416 3411 Πολῖαρχος
440 3339 489 3392 eat
514 3325 599 3414 apud
620 3324 762 3392 Pausan.
787 3323 814 3390 l.
836 3323 950 3408 37,1.
980 3319 1215 3390 Aelien.Var'.

160 3425 250 3494 Hiat.
273 3423 417 3510 Vlll,4.
439 3425 577 3517 Lysiam
590 3423 702 3492 Bekk.
724 3448 758 3514 p.
779 3425 921 3490 306.
942 3420 1094 3500 Getarum
1116 3446 1218 3509 quum
1309 3443 1313 3454 ·

161 3528 269 3596 obiter
288 3543 415 3594 tantum
442 3541 474 3593 et
499 3526 535 3592 in
556 3542 746 3593 transcursu
771 3525 855 3590 illud
881 3523 1061 3616 Polyarchi
1082 3524 1219 3589 manda·

161 3644 231 3696 tum
260 3642 383 3695 actores
409 3642 609 3712 memorent,
638 3649 742 3714 neque
768 3625 994 3715 probationem
1014 3626 1118 3691 ullam
1139 3625 1219 3690 alle·

161 3745 255 3814 rant,
283 3746 387 3814 neque
407 3744 520 3819 postea
532 3729 599 3795 ‚hoc
615 3742 806 3816 argumento
824 3728 864 3793 etl
885 3726 937 3817 jus
953 3721 1050 3793 sutum
1068 3724 1218 3792 obtinen-

161 3832 240 3898 dum
268 3844 421 3910 utentur,
449 3829 594 3896 dubitari
621 3854 687 3896 non
708 3843 811 3918 potest
832 3827 910 3914 quin
937 3825 1219 3914 autnequiverint
1281 3895 1285 3906 ,

160 3932 320 4024 probare,
350 3931 495 3996 autnon
521 3954 558 3996 ea
580 3931 696 3997 talium
716 3930 944 3997 mandatorum
965 3927 1017 3997 vis
1037 3926 1155 4010 fuerit,
1183 3939 1219 3992 ut

161 4031 289 4122 negligi
315 4032 356 4118 ab
386 4030 505 4097 herede
531 4055 591 4122 per
617 4033 707 4118 leges
734 4055 801 4098 non
827 4045 970 4119 possent.
1020 4029 1104 4096 Nam
1132 4026 1218 4122 quod
1330 4093 1335 4102 ,

39 4121 45 4128 ’
118 4125 122 4139 “
162 4133 284 4226 passim
298 4113 438 4222 legimus
452 4129 629 4224 Gleonymi
644 4146 870 4199 testamentum
882 4140 994 4198 contre
1015 4129 1067 4220 jna
1083 4149 1120 4194 ac
1130 4107 1219 4214 leger

162 4237 300 4308 lactum
290 4257 377 4300 esee
399 4232 477 4321 (ἢ.
498 4235 551 4299 26.
574 4232 628 4302 35.
650 4231 733 4320 40),
756 4255 824 4299 non
844 4231 941 4301 alia's
946 4231 1004 4298 hic
1022 4232 1113 4314 leges
1133 4225 1220 4293 deai-

147 4334 276 4422 ·gnarl,
307 4357 405 4422 qnam
432 4358 513 4423 quae
544 4335 585 4402 tle
613 4348 828 4423 Gogllfllol'llm
854 4329 927 4420 illl'e
946 4329 1096 4498 imilliae
1115 4339 1219 4405 mni,

966 4436 1024 4498 2,,
1145 4437 1147 4452 .
