2910 4830
270 339 337 412 aso
535 285 538 295 “
618 329 969 404 mommoreto

270 509 352 580 item
371 499 567 574 testimoniis
587 501 794 590 probandum
814 525 896 570 esse.
939 498 1006 570 Sed
1027 525 1128 590 quum
1146 504 1315 575 adversarii

271 611 372 680 etiam
399 609 442 702 dq
459 603 614 672 universe
642 601 833 670 hereditatis
861 602 1084 694 controversis
1103 604 1222 674 dicturi
1245 606 1314 687 siut,

271 710 338 780 sibi
358 729 486 798 quoque
507 727 589 793 queo
619 703 683 770 bec
704 703 745 769 de
765 725 802 769 re
823 719 895 770 ecte
914 703 982 771 sint
1002 728 1021 769 a
1041 705 1205 796 principie
1224 731 1316 798 emo·

268 812 377 890 penda
398 831 489 892 esse,
521 827 584 893 qne
604 803 641 870 in
658 802 848 872 narratione
872 827 993 893 magns
1020 806 1179 876 orationis
1210 831 1316 898 perse

271 915 345 1005 §.9
366 911 408 979 ed
430 915 464 990 9.
482 906 524 975 1⁵
544 905 759 973 consumiturs
800 903 874 972 Hec
894 906 1044 973 absoluta
1064 907 1151 974 redit
1170 910 1254 976 unde
1272 909 1316 976 di·

270 1035 402 1105 gressus
423 1023 483 1094 est,
510 1021 547 1075 ιιι
567 1006 652 1094 quod
672 1005 741 1098 jam
755 1021 830 1073 ante
849 1007 1043 1075 testimoniis
1056 1011 1229 1099 probatum
1244 1025 1315 1095 eret,

269 1137 359 1184 nunc
379 1109 583 1200 argumentis
594 1130 638 1174 ex
657 1107 729 1234 ipse
748 1129 786 1173 re
801 1107 979 1202 desumptis
998 1111 1241 1200 comprobetur,
1260 1109 1317 1180 Di·

270 1237 467 1303 cseogenem
488 1233 535 1278 se
542 1207 655 1276 omnis
675 1205 936 1295 ἀναμφισβήτητα
957 1211 1183 1279 restituturum
1203 1210 1317 1302 promi·

269 1318 363 1388 sisse.
416 1311 547 1402 Quippe
576 1308 725 1396 alioquin
749 1310 848 1400 plene
874 1309 1027 1379 inutilem
1048 1314 1213 1381 actoribus
1232 1315 1317 1382 illem

162 1445 164 1454 ·
268 1402 454 1513 pactionem
470 1415 617 1479 futuram
628 1409 747 1494 fnisse,
779 1433 879 1498 quum
894 1410 1055 1503 majorem
1069 1415 1232 1482 bonorum
1250 1438 1317 1504 par·

268 1536 337 1588 tem
346 1518 568 1603 Dicaeogenes
584 1527 640 1580 eut
655 1511 841 1580 vendiderit
854 1527 911 1578 snt
929 1513 1218 1604 oppigneraverit,
1236 1515 1318 1606 cnjus

268 1622 372 1712 ipsius
400 1617 456 1685 rei
470 1637 568 1682 censs
596 1611 801 1701 fidejussores
822 1636 857 1679 ιο
878 1614 944 1680 ιίΙιί
964 1616 1036 1681 deri
1056 1640 1200 1685 coresse.
1240 1616 1319 1685 lied-

269 1722 338 1789 dite
358 1734 467 1788 antem
487 1737 557 1802 esse
577 1737 757 1804 perpauca:
797 1714 837 1780 de
857 1716 1032 1783 nonnullis
1047 1717 1148 1785 etism
1168 1719 1243 1788 lites
1261 1717 1319 1785 sibi

268 1837 401 1892 exortes
422 1842 491 1886 esse
512 1841 587 1882 cum
606 1816 673 1899 iis,
710 1814 766 1902 qui
786 1839 875 1881 nunc
896 1839 935 1882 es
955 1816 1177 1906 possiderent,
1209 1819 1318 1907 quibus

269 1947 371 2013 quum
392 1945 427 1994 se
448 1933 614 1986 auctorem
634 1917 706 1983 fore
718 1916 944 2006 Dicaeogencs
963 1934 1130 2006 negasset,
1161 1935 1269 1989 temen
1287 1919 1320 1986 in

266 2027 331 2093 bac
347 2045 473 2110 quoque
492 2042 530 2085 re
549 2018 649 2084 fidem
668 2015 825 2084 fefellisse
845 2034 877 2084 et
898 2019 1123 2098 anctoritatem
1143 2020 1216 2088 illis
1234 2045 1320 2112 prae-

268 2125 410 2208 stitisse,
433 2119 648 2212 quemobrem
668 2125 732 2203 se,'
754 2133 916 2205 actorem,
941 2117 1066 2207 jndicio
1086 2120 1213 2190 victum
1233 2138 1320 2209 etque

267 2228 402 2316 insuper
432 2221 530 2290 etism
561 2217 709 2310 epobelis
738 2221 931 2288 mdlctatmn
951 2242 1035 2293 esse.
1083 2220 1199 2309 Neque
1219 2248 1253 2293 se
1271 2247 1320 2292 so·

267 2329 357 2412 lum,
385 2323 442 2394 sed
464 2321 562 2390 etism
582 2320 822 2402 Protarcbiden
841 2321 1049 2408 Potsmium,
1079 2322 1136 2411 qui
1155 2324 1195 2392 in
1216 2325 1320 2393 eedem

268 2443 380 2498 secum
405 2447 502 2493 causa
530 2423 592 2508 sit,
627 2423 742 2490 eodem
766 2422 865 2490 modo
896 2423 1077 2514 deceptum
1093 2448 1175 2494 esse.
1231 2426 1319 2515 Quod

267 2539 377 2597 sutem
384 2526 609 2613 Dicaeogenes
622 2540 772 2592 causetur
783 2523 956 2613 pecuniam
967 2548 987 2591 a
997 2540 1032 2592 se
1044 2524 1246 2617 insumptam
1258 2550 1321 2596 esse

253 2631 305 2706 ,in
324 2628 437 2698 balnei
457 2626 696 2695 restitutionem
717 2624 846 2712 aliaque
866 2625 1034 2712 aedilicia,
1063 2651 1160 2714 quem
1182 2630 1249 2698 sibi
1268 2630 1322 2697 sd·

118 2735 124 2742 ”
267 2731 455 2811 verserios,
482 2751 583 2816 quum
603 2725 740 2792 reddere
760 2725 902 2816 polliciti
921 2741 1046 2806 essent,
1076 2737 1143 2795 non
1163 2721 1321 2799 reddidis-

268 2857 322 2918 se,
352 2845 585 2922 proptereaque
611 2849 740 2895 senon
769 2826 913 2917 potuisse
939 2828 1173 2914 creditoribus,
1212 2831 1321 2920 quibus

267 2935 328 3002 ille
349 2932 561 3022 oppignerata
591 2941 714 3012 essent,
744 2927 956 3013 satisfacere,
991 2930 1055 2997 bec
1081 2955 1210 3019 quoqne
1237 2947 1321 3000 actor

266 3035 388 3102 fulsum
418 3054 488 3098 esse
517 3027 695 3095 contendit.
740 3028 894 3117 Denique
914 3029 1020 3116 qnslis
1050 3031 1094 3098 sit
1112 3047 1322 3121 utrorumque

267 3156 387 3217 censs,
412 3132 468 3200 vel
482 3130 559 3198 iude
575 3128 741 3218 aestimari
757 3153 865 3220 posse,
888 3132 991 3218 qnod,
1019 3156 1119 3219 quum
1135 3150 1211 3202 ente
1228 3159 1321 3223 quem

266 3233 391 3327 jndicio
412 3231 662 3338 experirentur,
693 3247 846 3318 quattuor
865 3231 999 3320 arbitris
1029 3257 1073 3300 ex
1093 3237 1321 3325 compromisso

266 3359 339 3402 rem
372 3325 631 3419 cognoscendam
670 3332 926 3418 commisissent,
966 3357 1106 3422 quornm
1136 3336 1262 3405 duos
1249 3337 1321 3430 ipsi,

266 3436 348 3502 duos
378 3433 604 3521 Dicaeogeues
633 3457 672 3500 ac
691 3432 878 3502 Leocbsres
904 3435 1151 3522 nominassent,
1184 3439 1223 3505 lsi
1244 3462 1322 3527 quos

266 3535 332 3627 ipsi
352 3535 532 3625 cepissent,
562 3533 650 3601 rel
637 3535 764 3653 qurati
759 3535 854 3603 vel'
842 3535 980 3628 injurati
999 3531 1195 3605 sententiam
1216 3541 1322 3607 dicere

265 3637 373 3728 persti
399 3636 556 3721 fuissent,
592 3636 649 3725 qui
670 3651 779 3702 autem
807 3637 849 3703 nb
872 3637 1070 3705 adversariis
1090 3635 1255 3709 nominati
1274 3665 1323 3708 es·

265 3745 358 3823 seut,
388 3762 489 3834 quum
509 3738 563 3805 bis
585 3752 618 3804 et
636 3736 860 3806 familiaritate
888 3738 1068 3832 conjuncti
1075 3758 1182 3808 essent
1201 3758 1234 3809 et
1254 3743 1323 3810 affl·

265 3839 385 3925 nitete,
406 3839 472 3907 sibi
488 3854 598 3906 sutem
608 3837 759 3922 inimici,
780 3853 888 3906 temen
901 3840 1115 3929 pronuntiare
1129 3829 1321 3911 noluissent.

348 3940 520 4009 Postremo
549 3937 725 4025 indignum
745 3961 815 4007 esse
834 3940 1100 4030 Dicaeogenem,
1126 3966 1181 4011 cus
1170 3941 1323 4062 'jndices

264 4041 417 4127 faveant,
445 4042 563 4131 quippe
579 4038 773 4108 bominem
761 4065 947 4131 rmpurum,
969 4066 1124 4129 avarum,
1147 4045 1203 4132 qui
1218 4067 1323 4131 neque

264 4142 316 4211 rei
334 4141 485 4234 publices
505 4155 650 4229 nnqn'em
670 4141 870 4230 inservierit,
897 4159 930 4211 οι
948 4143 1106 4235 privatim
1125 4143 1323 4214 foedissimis
