2846 4832
271 369 335 438 ³54
619 362 666 431 IN
688 359 972 430 oltfflottssot
1128 421 1132 430 ,

272 531 557 624 nectare-publica
573 553 713 598 munera
725 546 756 596 et
777 528 846 598 suis
864 541 993 596 tantum
1014 553 1082 598 uon
1103 527 1227 621 patriae
1248 555 1327 600 com·

273 638 380 708 modis
401 635 563 708 inservire
586 631 748 702 studeant.

357 738 434 826 Quo
464 737 534 813 lere
560 751 709 820 tempore
741 735 823 800 haec
852 756 949 801 cerusa
980 745 1051 800 acta
1079 733 1123 802 sit
1154 736 1328 825 conjectura

273 839 362 910 lraud
383 836 614 926 improbabilis
636 859 654 902 e
675 834 846 903 nonnullis
869 834 1028 902 cretionis
1048 835 1131 904 locis
1154 838 1226 927 capi
1245 862 1329 926 posse

273 944 417 1010 videtur.
459 939 622 1006 Narratur
643 935 734 1002 cuim
756 936 793 1025 ᾗ.
811 937 832 1003 9
853 934 942 1002 bello
965 933 1141 1006 Corinthio
1156 939 1330 1025 Apollodo-

218 1117 225 1130 ⁸
274 1069 370 1128 rum,
403 1064 506 1129 quum
532 1053 565 1106 et
591 1037 662 1128 ipso
684 1035 885 1106 Corinthum
912 1061 988 1104 cum
1006 1040 1157 1108 exercitu
1176 1043 1329 1128 profectus

275 1162 376 1230 esset,
403 1155 634 1213 testamentum
655 1137 788 1222 fecisse,
817 1161 883 1225 quo
904 1139 1067 1207 bonorum
1088 1165 1231 1210 suornm.
1244 1144 1330 1210 here-

275 1249 352 1316 dem
371 1242 558 1314 instituerat
578 1263 730 1308 sororem
750 1239 935 1324 uterinam,
964 1241 1075 1308 addita
1097 1243 1285 1311 condicione
1299 1261 1332 1312 ut

274 1345 471 1417 Lucretidae
499 1343 631 1419 cuidam
658 1343 808 1414 nuberet
857 1342 1007 1431 Apparet
1037 1343 1141 1430 igitur
1161 1345 1257 1414 illam
1275 1347 1332 1414 hoc

274 1466 424 1538 tempore
446 1445 587 1514 adlruc'
574 1458 749 1531 mnuplam
769 1442 886 1512 foisse.
928 1442 1050 1512 Incidit
1071 1460 1181 1514 autem
1204 1449 1333 1535 expedi·

275 1554 323 1621 tio
343 1552 405 1621 illa
421 1545 634 1616 Corinthiaca
644 1544 734 1612 hond
749 1542 879 1612 dubie
868 1568 903 1610 ιιι
916 1568 1041 1614 anunm
1056 1547 1197 1638 Olymp.
1213 1548 1334 1630 xcvl,

150 1691 153 1698 2
275 1653 375 1722 daut
394 1647 542 1732 xcvu,
571 1647 604 1714 1.
627 1670 658 1714 a.
683 1643 723 1713 C.
744 1647 809 1713 393
830 1659 886 1722 ant
911 1647 987 1715 392.
1032 1647 1160 1732 Quodsi
1181 1672 1335 1738 ponamus

277 1756 442 1842 aliquot,
454 1763 609 1838 quattuor
635 1761 692 1814 aut
705 1747 878 1866 quinque,
908 1764 981 1837 post
1012 1748 1076 1816 hoc
1093 1764 1225 1842 tempus
1247 1754 1337 1820 ennio

276 1855 469 1924 mulierem·
462 1850 584 1919 ·illam
611 1849 732 1926 actoris
760 1847 848 1936 patri
879 1849 1046 1940 nupsisse,
1085 1851 1317 1920 deducimur
1305 1880 1338 1920 ιιι
1403 1895 1404 1922 t

278 1953 402 2024 annuis
434 1954 573 2045 Olymp.
602 1947 767 2036 Xttvlll,
794 1950 815 2016 1
843 1953 958 2019 aut2.
981 1975 1013 2020 a.
1038 1951 1074 2020 G.
1098 1955 1163 2022 388
1190 1971 1247 2022 ant
1266 1958 1338 2026 387.

148 2119 153 2128 .
277 2057 392 2149 Ipsum
413 2070 525 2122 antem
555 2068 720 2138 actorem,
751 2076 852 2139 quum
882 2054 924 2119 ab
945 2054 1152 2142 Apollodoro
1172 2056 1341 2146 adoptare·

277 2176 357 2240 tur,
385 2157 453 2250 jam
476 2155 728 2226 theamothetaau
750 2153 852 2222 luisse
874 2170 1011 2245 apparet
1031 2182 1049 2224 e
1071 2157 1109 2246 ᾖ.
1131 2156 1191 2242 31;
1220 2175 1343 2250 oportet

278 2261 384 2348 igitur
413 2261 502 2326 hunc
529 2258 589 2325 illo
620 2270 768 2345 tempore
798 2255 935 2343 triginta
962 2258 1058 2325 annis
1086 2284 1155 2326 uon
1179 2261 1343 2328 minorem

278 2363 401 2441 inisse,
432 2359 550 2449 qnippe
568 2374 756 2448 quumante
769 2357 976 2446 trigesimum
992 2360 1106 2428 aetatis
1128 2386 1253 2430 anuum
1273 2387 1344 2430 ma·

185 2539 197 2564 ·
279 2465 454 2553 gistratum
476 2483 592 2550 cepere
621 2485 688 2526 nou
709 2460 837 2528 liceret.
879 2460 992 2547 Neque
1014 2477 1124 2529 tamen
1145 2467 1252 2532 multo
1273 2489 1345 2532 me·

175 2557 176 2564 ¹
278 2567 385 2660 jerem
400 2578 598 2644 statnemns3
619 2562 857 2636 adolescentem
875 2563 964 2630 euim
978 2563 1086 2630 adhuc
1101 2589 1136 2632 se
1151 2589 1222 2633 ease
1236 2561 1346 2633 osten·

279 2667 329 2734 dit
349 2667 387 2754 ᾖ.
405 2664 461 2733 41.
503 2663 608 2733 Brevi
628 2679 740 2732 autem
758 2678 832 2754 post
852 2664 1061 2754 adoptionem
1082 2681 1250 2757 tempore,
1272 2684 1346 2734 sute
1402 2689 1403 2712 ι

279 2789 380 2858 qnam
400 2766 437 2834 in
459 2766 665 2834 demotarum
686 2767 814 2840 tabidas
834 2765 1011 2857 inscriptus
1034 2783 1135 2853 esset,
1167 2769 1348 2863 Pythicam

279 2870 479 2958 legationdm
509 2867 669 2958 suscepit,
701 2868 738 2955 ᾖ.
760 2870 814 2934 27.
859 2867 939 2934 l’ost
965 2869 1174 2958 trigesimum
1195 2889 1348 2940 autema

209 3003 212 3016 ·
280 2970 396 3038 matris
426 2969 551 3060 nuptiis
580 2993 703 3036 annum
724 2969 833 3056 prima
854 2969 994 3062 Pythias
1022 2984 1070 3037 est
1090 2972 1230 3062 Olymp.
1254 2973 1348 3054 cvl,

255 3074 352 3158 ‘3.⁹)
374 3096 405 3140 a.
436 3071 476 3139 (l.
499 3069 575 3154 3⁵4,
604 3095 669 3158 quo
695 3086 841 3160 tempore
868 3087 981 3151 actor,
1016 3073 1046 3139 si
1074 3073 1207 3160 quidem
1231 3085 1351 3142 uatum

155 3167 164 3180 ’
281 3195 443 3262 munius
463 3196 493 3240 a.
509 3171 584 3238 386.
608 3172 748 3264 Olymp.
764 3171 926 3258 XcVssl,
948 3176 981 3258 3,
1003 3199 1127 3242 anunm
1148 3178 1268 3264 agebat
1289 3177 1351 3244 tri·

280 3275 444 3364 gesimam
473 3274 618 3341 tertium.
668 3273 872 3344 Brevissima
903 3291 1012 3344 autem
1041 3292 1113 3368 post
1134 3279 1353 3366 adoptionem

281 3383 426 3466 tompore
456 3374 556 3442 etism
582 3375 824 3466 Apollodorum
857 3392 1024 3445 mortuum
1061 3403 1131 3445 esse
1163 3377 1305 3469 apparet
1335 3401 1353 3443 e

280 3479 320 3568 ς.
343 3476 396 3561 14,
424 3496 530 3562 nequa
555 3475 646 3544 inter
671 3477 741 3569 ejus
761 3493 902 3546 mortem
924 3503 962 3546 ac
989 3479 1082 3546 litem
1104 3480 1144 3544 de
1166 3481 1355 3548 hereditate

280 3593 405 3648 motam
426 3579 570 3646 maltum
597 3580 755 3669 temporis
776 3580 965 3649 interfuisse
986 3583 1075 3648 idem
1095 3583 1188 3649 locus
1209 3585 1356 3650 demon·

281 3693 374 3750 strat.
406 3677 531 3800 'ltaque
559 3681 699 3774 Olymp.
723 3679 857 3767 cV1‚-⁸-
885 3683 972 3750 lrauc
994 3701 1260 3752 causamentum
1282 3707 1356 3752 esse

280 3795 463 3850 statuerim.

638 3902 687 3969 Iu
713 3901 990 3997 Hypotlreain.
1065 3913 1076 3930 “
1120 3871 1123 3886 ¹

364 4034 463 4103 Vero.
486 4035 518 4104 1.
557 4033 750 4125 Θράσυλλος.
794 4038 930 4108 Rectius
951 4038 1054 4108 scribi
1078 3995 1246 4127 dodanim
1266 4033 1358 4108 Hai-

285 4172 484 4188 m

315 4224 343 4293 0)
362 4227 433 4280 Nom
456 4222 546 4280 tertio
566 4222 707 4296 cujusque
732 4213 923 4299 Olympiadis
940 4243 1019 4284 anuo
1036 4225 1149 4300 Pythia
1166 4228 1355 4300 agebantur.

348 4307 419 4366 vio.
438 4308 568 4367 (ilinton.
586 4311 666 4368 Faat.
684 4313 768 4368 Heli.
786 4310 928 4384 Append.
946 4316 970 4370 1.
989 4331 1021 4385 p.
1039 4315 1091 4369 208
1102 4329 1177 4385 sqq.
1195 4314 1303 4385 Kriig.
