2942 4842
151 381 199 451 in
220 380 500 452 omniorum
518 379 583 450 on
603 379 778 489 ernam
799 363 1116 454 economus.
1159 389 1223 456 aas

155 553 239 624 dicio
267 551 426 620 vincilur.
455 550 562 646 'Usus
590 544 700 619 autem
730 551 766 618 iu
786 552 851 619 boc
871 552 948 620 lalsi
969 529 1222 652 testimonii-ju-

156 654 242 722 dicio
256 653 424 722 Xenocles
445 668 516 721 erat
531 653 630 721 etiam
642 652 814 720 Nicodemi
832 653 1001 740 cuiusdam
1021 655 1221 744 testimonio,
1359 681 1369 700 ¹

153 755 273 824 Philae
300 755 474 838 avunculi,
508 754 565 841 qui
588 778 743 822 sororem
769 777 886 834 suam,
921 754 1039 823 Philae
1069 773 1222 840 matrem,

33 918 39 930 ,
153 856 290 948 Pyrrho
317 857 381 924 rite
409 881 447 924 ac
467 854 616 942 legitime
646 881 664 922 a
693 880 728 922 se
750 856 977 944 desponsatam
998 881 1068 924 esse
1089 873 1223 925 testatus
1297 909 1301 918 ,

153 973 237 1025 erat.
286 959 399 1046 It'aque
427 959 580 1025 damnato
607 956 757 1024 Xenocle
786 957 863 1023 huic
890 981 1017 1045 quoque
1042 958 1222 1026 Nicodemo

153 1059 231 1126 falsi
258 1059 440 1126 testimonii
471 1058 555 1130 a‘ctio
578 1081 596 1123 a
618 1057 745 1148 Pyrrhi
767 1080 879 1124 sorore
900 1058 1093 1128 intenditur.
1136 1061 1223 1146 Agi-

154 1173 210 1234 tur
238 1176 346 1228 autem
376 1183 474 1227 causa
502 1160 543 1224 ab
574 1161 677 1226 altero
705 1158 806 1248 hujus
826 1159 975 1226 mulieris
997 1159 1087 1245 lilio,
1121 1159 1227 1240 Eudii

152 1263 276 1346 fratre,
301 1264 437 1350 ‘quippe
464 1259 580 1327 matris
612 1281 691 1326 suae
717 1260 829 1348 κυρίῳ,
864 1261 921 1348 qni
948 1261 1047 1328 etiam
1077 1259 1223 1351 priorem

154 1363 249 1431 illam
273 1381 386 1432 couma
405 1361 592 1430 Xenoclem
613 1383 744 1428 causam
766 1376 888 1448 egerat.

238 1464 306 1532 Hic
339 1464 442 1554 igitur
468 1463 602 1534 falsum,
616 1485 685 1528 esse
711 1460 883 1528 Nicodemi
915 1459 1139 1530 testimonium
1168 1467 1223 1542 vel
1360 1479 1362 1486 ‘

157 1589 202 1634 ex
237 1590 277 1634 eo
316 1588 476 1656 apparere.
508 1562 605 1658 dicit,
642 1563 727 1650 quoti
759 1561 870 1653 priore
902 1561 1025 1653 judicio
1056 1564 1222 1634 Xenocle's

160 1668 332 1744 damnatus
354 1668 414 1745 sit,
444 1665 532 1752 quod
553 1685 632 1731 sane
658 1663 732 1730 fieri
752 1687 821 1729 uon
842 1665 1004 1753 potuisse,
1036 1665 1101 1734 nisi
1122 1666 1224 1735 Nico·

156 1768 244 1835 demi
267 1766 492 1835 testimouium
513 1766 553 1831 de
574 1765 697 1832 sororis
720 1765 935 1856 (lesppusioue
961 1769 1083 1834 falsum
1103 1768 1223 1860 jndici-

152 1871 217 1936 bus
238 1868 348 1938 visum
369 1883 463 1967 esset.
507 1864 573 1934 Sed
603 1891 703 1954 quum
723 1867 783 1934 illa
805 1892 903 1934 cansa
925 1869 1008 1957 apud
1031 1869 1114 1937 alios
1133 1869 1222 1961 judi-

156 1994 209 2037 ces
241 1987 329 2056 acta,
361 1969 567 2062 bisantem,
596 1967 652 2055 qui
680 1991 769 2034 nuuc
791 1968 836 2033 'de
857 1968 1036 2035 Nicodemo
1063 1969 1220 2061 judicent,

154 2073 270 2158 ignota
282 2071 324 2138 sit
331 2118 342 2155 ‚
364 2095 496 2138 omnem
514 2068 578 2137 sihi
599 2093 671 2136 rem
686 2069 726 2136 tle
747 2067 877 2156 integro
891 2071 1118 2160 exponendam
1138 2097 1220 2141 esse.

155 2174 208 2241 Ac
229 2173 374 2264 primum
388 2173 520 2261 quidem
533 2195 601 2238 non
620 2171 722 2238 isusse
733 2169 904 2238 Nicodemi
925 2191 1073 2239 sororem
1086 2172 1221 2264 Pyrrho

153 2273 193 2341 in
227 2274 475 2342 matrimonium
503 2275 697 2340 collocatam
723 2273 779 2338 vel
806 2296 850 2339 ex
877 2296 915 2340 eo
941 2261 1106 2361 intelligi,
1133 2275 1220 2362 quod

154 2376 266 2444 dotem
286 2376 340 2442 illi
360 2399 465 2462 neque
486 2373 608 2440 dictam
629 2395 649 2438 a
668 2374 771 2442 fratre
791 2395 896 2461 neque
916 2390 1027 2463 postea
1048 2376 1221 2464 repetitam

82 2481 85 2488 '
155 2495 227 2545 esse
247 2492 388 2560 constet3
417 2475 494 2548 dein
514 2475 688 2542 mulierem
707 2472 804 2539 istam
826 2490 994 2560 quaestum
1014 2475 1130 2566 iecisse
1150 2465 1221 2543 me·

154 2577 343 2662 retricium‚
378 2593 505 2644 etcum
533 2575 688 2666 plurimis
709 2598 899 2661 consuesse,
934 2576 1060 2643 nemini
1086 2590 1222 2667 nuptam

154 2676 257 2747 fcisse
283 2702 389 2765 neque
405 2702 462 2745 ex
489 2701 650 2765 quoquam
677 2675 851 2766 peperisse.
894 2675 1007 2765 Neque
1035 2701 1092 2744 eos
1119 2679 1220 2748 fuisse

154 2779 282 2872 Pyrrhi
303 2804 430 2864 mores,
459 2781 620 2858 attalem
637 2778 811 2844 mulierem
832 2777 869 2844 iu
890 2779 1138 2847 matrimonium
1159 2781 1221 2848 du·

156 2896 261 2964 ceret;
297 2903 461 2968 quumque
487 2878 695 2948 adversarius
712 2887 825 2946 'uuum
853 2879 919 2946 sibi
946 2879 983 2946 in
1004 2881 1221 2971 desponsione
1267 2915 1274 2932 ν

155 2983 280 3053 sororis
310 2996 428 3048 testem
455 2981 587 3048 effitisse
609 2981 715 3065 (licat,
742 2980 955 3072 Pyretidem,
982 2995 1048 3048 tres
1069 2999 1220 3051 autema

155 3085 290 3177 Pyrrho
312 3083 490 3166 adhibitos,
506 3105 631 3169 eosque
651 3081 751 3170 hujus
773 3085 970 3174 avunculos,
984 3081 1219 3175 'Lysimenem

146 3183 364 3253 ‘chaeronem
387 3198 419 3251 et
438 3183 619 3276 Pyladem:
648 3205 691 3250 ex
704 3182 765 3249 his
786 3203 908 3263 unum,
930 3183 1141 3274 Pyretidem,
1168 3202 1219 3254 to·

156 3283 237 3354 tam'
251 3310 323 3376 rem
353 3285 530 3352 infitiatum
557 3307 648 3367 esse3
682 3284 921 3352 avunculorum
941 3301 1050 3352 autem
1072 3288 1220 3354 testimo-

157 3387 253 3453 nium
280 3389 403 3454 falsum
433 3411 504 3454 esse
524 3409 569 3452 ex
588 3385 658 3475 ipsa
680 3409 716 3480 re
736 3385 899 3472 intelligi,
928 3407 1046 3474 quum,
1074 3390 1130 3476 qui
1150 3403 1219 3458 tam

157 3500 251 3578 turpe
272 3488 520 3556 matrimonium
548 3487 773 3571 contraheret,
804 3510 880 3554 eum
901 3483 1154 3556 cousentaneum
1175 3491 1219 3558 sit

157 3589 306 3678 quemuis
325 3589 546 3680 potiusquam
566 3587 766 3678 propinquos
788 3611 863 3655 suos
881 3589 979 3681 hujus
1000 3589 1050 3656 rei
1071 3591 1218 3688 conscios

31 3665 33 3746 ἶ
158 3713 197 3758 ac
217 3705 314 3758 testes
335 3691 499 3756 lucturum
518 3688 633 3779 fnissp.
675 3688 784 3774 Atque
805 3705 939 3778 propter
958 3689 1046 3780 ipsos
1066 3691 1217 3762 mulieris

156 3815 267 3860 mores
279 3808 374 3879 atque
389 3785 562 3858 infamiam
577 3788 773 3856 incredibile
791 3790 899 3857 videri
915 3781 1050 3877 debite,
1079 3793 1218 3885 elespon-

156 3892 283 3962 siouem
305 3893 437 3980 quidem
461 3894 732 3978 lactam,¹neqne
751 3905 861 3958 tamen
881 3892 989 3959 ‹lotem
1009 3894 1217 3964 constitutam
1322 3973 1326 3978 .

157 4018 245 4081 esse,
277 4017 398 4081 quum,
426 3991 456 4059 si
475 4008 608 4084 propter
619 4014 765 4059 amorem
787 3994 852 4058 tale
869 3985 1116 4062 matrimonium
1129 3997 1217 4089 Pyr-

156 4095 239 4162 rhus
261 4093 489 4178 contraxisset,
510 4093 707 4160 Nicotlemus
720 4093 807 4172 haud
829 4091 928 4160 dubie
948 4095 1069 4181 dotem,
1090 4097 1219 4164 etiamsi

156 4197 287 4262 nullam
308 4194 467 4279 (ledisset,
488 4195 703 4284 profitendam
724 4208 829 4278 certe,
851 4193 943 4280 quasi
963 4196 1037 4262 dara
1058 4213 1159 4282 esset,
1180 4198 1218 4262 iu

155 4296 365 4390 sponsalibus
387 4310 546 4376 curasset3
580 4296 705 4363 scilicet
733 4319 775 4362 ne
803 4295 946 4362 liberum
967 4313 1051 4463 eleget
1070 4295 1217 4388 Pyrrho,'
