2942 4842
397 368 460 470 DE
483 365 721 437 CLEONYMI
741 365 1061 439 HEREDITATE.
1115 361 1120 366 ’
1194 370 1258 438 189

190 537 241 606 vit
271 537 388 620 alteri,
423 537 514 603 aliud
554 537 728 625 quiddam
770 559 835 623 quc
867 536 948 604 haec
977 536 1110 605 donatio
1149 538 1257 625 magis

89 699 95 712 .
126 627 128 636 Ι
190 640 291 707 etiam
312 643 462 706 firmetur
483 653 515 704 et
535 637 743 722 stabiliatur,
773 637 1014 705 invenirinou
1034 654 1150 728 potest.

277 741 314 828 5.
337 741 392 808 25.
416 741 449 805 ίν
470 735 563 827 ἓτίριρ
584 739 794 826 γραμματείῳ.
836 738 965 806 Fuisset
985 741 1049 818 hcc
1073 741 1179 814 instar
1199 764 1256 807 co·
1344 775 1350 784 ·

191 842 310 908 diciiii.
333 842 496 927 -Quod
529 841 676 932 sequitur
705 838 785 906 αάτά
807 865 907 928 quum
928 842 1140 929 praecesserit
1168 840 1200 906 εί
1214 867 1255 921 τι,

194 967 237 1010 ne
251 967 348 1031 quem
360 943 504 1010 offendat
517 943 586 1008 vid.
597 940 796 1010 Stallbaum.
818 941 858 1010 ad
873 940 960 1009 Plat.
977 942 1108 1010 Philet).
1127 970 1162 1032 p.
1178 945 1254 1012 138.

273 1045 353 1128 μηδὲ
373 1048 464 1109 τοῦτο
485 1066 531 1110 sc.
552 1041 574 1108 'i'
595 1066 625 1107 τι
645 1039 804 1122 troarno,
825 1044 1038 1123 confirmare,
1060 1067 1142 1131 quac
1162 1045 1254 1134 prius
1339 1083 1341 1092 =

189 1145 381 1235 scripserat,
411 1168 454 1210 au
475 1143 661 1212 rescindere
682 1142 837 1242 uoluerit.

208 1295 212 1300 -
273 1245 311 1334 5
323 1248 378 1313 26.
401 1249 452 1311 καί
473 1247 633 1312 πείθουσιν
648 1242 740 1335 ἀμᾶς.
782 1244 979 1310 Persuadere
993 1258 1156 1325 conantur,
1179 1248 1254 1312 ἀοκ-

188 1361 307 1414 ranam.
351 1346 403 1414 De
427 1348 569 1439 Astyph.
600 1348 674 1413 her.
696 1346 734 1433 5.
756 1344 810 1412 24.
839 1344 914 1421 τοάς
935 1344 1023 1410 cridia
1043 1345 1255 1431 προσήκοντας

188 1451 306 1515 πείθων
324 1448 541 1534 ἀμφισβητεῖν.
584 1445 637 1514 Gs.
651 1447 889 1516 Wunderlich.
906 1448 1011 1536 praei.
1026 1450 1067 1514 ad
1078 1439 1252 1518 Dc'mosth.
1324 1527 1326 1532 ¹

176 1574 239 1642 1ον.
257 1572 317 1640 pro
339 1573 407 1616 cor.
429 1575 464 1638 p.
485 1546 596 1616 XLV.
620 1547 758 1620 XLVI..

273 1651 310 1738 5.
332 1653 387 1719 28.
409 1645 546 1714 Πάντων
567 1649 604 1714 d'·
623 1647 661 1713 ἀν
686 1648 732 1733 εἴη
754 1645 1032 1732 θαυμασιώτατον.
1073 1649 1195 1742 Lysias
1206 1651 1254 1718 ,ἰιι

108 1817 110 1822 .
187 1750 318 1821 Andoc.
338 1777 373 1842 p.
393 1752 458 1818 210
477 1750 592 1819 Beki.
613 1748 794 1835 θαυμάσιον
815 1752 850 1816 di
870 1749 959 1818 oridia
986 1749 1026 1816 ἀν
1050 1775 1104 1831 μοι
1124 1752 1251 1835 γίνοιτο.

186 1854 260 1920 Hac
287 1853 442 1944 adjectivi
473 1854 580 1920 forma
611 1851 647 1918 iu
669 1853 731 1919 hac
751 1852 918 1920 locutione
940 1855 1083 1919 offensus
1107 1852 1252 1920 Valcke-

186 1955 302 2022 narius
334 1979 387 2042 ap.
411 1951 547 2020 Sluiter.
570 1952 662 2020 Lect.
690 1954 820 2020 Audoc.
843 1978 877 2044 p.
901 1954 964 2020 186
985 1954 1123 2020 rescribi
1143 1955 1252 2022 voluit

154 2052 386 2141 ..θαυμαστόν
439 2054 632 2140 Immerito,
659 2078 732 2122 mea
761 2054 892 2142 quidem
923 2055 1097 2123 sententia.
1139 2056 1272 2148 Etiam·
1383 2063 1387 2070 '

66 2175 77 2190 ⁵
187 2182 240 2247 ap.
271 2156 401 2225 Pseudo
421 2191 438 2210 ·
459 2156 633 2224 Demosth.
661 2180 712 2223 or.
741 2158 779 2222 iu
800 2157 983 2224 Theocriu.
1015 2181 1049 2245 p.
1082 2155 1251 2243 1341,κό

186 2284 248 2348 pro
277 2257 295 2324 ὃ
325 2259 377 2322 καί
406 2255 594 2340 θαυμαστόν
623 2257 705 2324 ἐστιν
734 2282 778 2324 ex
805 2257 929 2347 optimo
957 2256 1109 2325 Bekkeri
1138 2259 1250 2328 codice

186 2356 366 2447 θαυμάσιον
388 2359 568 2449 repositum
589 2375 635 2426 est
657 2381 677 2426 a
698 2357 886 2426 Diudorfio.

271 2462 308 2549 5.
330 2463 384 2529 29.
408 2457 551 2537 οίςιοάθ
580 2458 698 2545 ἀνάγκη
727 2459 809 2525 ἔστὶν
836 2456 909 2526 οὔτ’
932 2455 1081 2544 αίσχάνην
1104 2458 1249 2544 οὐδεμίαν

186 2563 281 2650 φίρει.
329 2562 442 2631 Facile
470 2561 627 2628 infinitivi
656 2554 688 2626 sd
714 2570 810 2627 ποιεῖν
834 2559 918 2644 ἡμᾶς
944 2562 985 2627 ad
1017 2557 1134 2645 ἀνάγκη
1155 2562 1248 2644 luto,

155 2661 306 2746 ’ἀμελεῖν
333 2665 373 2730 ad
404 2661 553 2747 αἰσχύνην
581 2662 664 2748 φίριι
693 2685 711 2728 e
739 2663 1007 2751 praecedentibus
1037 2663 1246 2753 supplentur.

189 2764 319 2832 Durius
338 2764 554 2857 Thucydides
573 2766 729 2850 loquutus
750 2777 798 2829 est
817 2761 872 2848 11,
890 2751 934 2854 37
953 2760 1043 2847 νόμοι
1063 2759 1131 2830 ὅσοι
1151 2762 1248 2849 ἀγρα-

186 2891 241 2953 φοι
267 2865 353 2944 ὄντες
384 2863 534 2949 αίσχιίνην
566 2863 813 2950 ὁμολογουμένην
832 2864 975 2950 φέρουσι,
1002 2864 1059 2931 ubi
1080 2865 1150 2954 ipsa
1172 2889 1248 2933 sen·

185 2967 288 3035 tentia
309 2968 402 3035 docet
422 2967 640 3056 supplendum
661 2991 732 3034 esse
751 2972 796 3053 τῷ
816 2968 1038 3052 παραβαίνοντι
1057 2968 1113 3035 vel
1126 2965 1181 3033 ε’ἀν
1201 2993 1248 3046 τις

122 3107 127 3128 .
184 3070 365 3155 παραβαίνῃ
397 3066 522 3143 αὐτούς.
563 3067 649 3134 Nam
679 3068 764 3154 quod
795 3067 967 3135 Goellerus
995 3068 1113 3136 vertit:
1148 3072 1247 3138 ἄκνσίι

187 3171 273 3235 ciues
285 3170 383 3255 jedeu
403 3171 510 3254 σι’ςσοε
518 3169 735 3260 Empliudung
754 3169 820 3234 αὀίι
827 3170 980 3252 Acutung
998 3170 1066 3234 ιιιαί
1078 3169 1247 3239 Etmbie‘-

185 3272 298 3357 u'glreit
317 3273 529 3358 verscduffeu,
558 3271 692 3360 probari
714 3271 808 3336 uallo
829 3271 927 3337 modo
948 3285 1065 3359 potest.

270 3373 308 3460 5.
330 3376 384 3440 30.
408 3374 475 3438 νανί
503 3371 536 3438 δέ
561 3377 623 3437 πᾶν
653 3370 832 3439 τοάναντιόν
858 3365 1008 3457 εὑρήσετε.
1055 3372 1163 3442 Maius
1189 3380 1245 3443 νῦν

185 3474 241 3570 δέ,ἱ
269 3475 354 3560 quod
376 3499 478 3562 quum
497 3472 674 3540 Bekkerus
695 3473 942 3540 mutarituulla
963 3473 1120 3542 varietate
1140 3502 1246 3565 neque

185 3600 229 3641 ex
254 3575 477 3643 Ambrosiauo
509 3599 613 3662 neque
645 3599 663 3640 e
694 3574 830 3662 reliquis
862 3575 956 3641 codd.
979 3595 1244 3664 commemoratu,

80 3672 83 3679 ’
184 3677 223 3743 hi
243 3700 356 3744 omnes
370 3678 436 3742 νυνί
454 3678 578 3743 habere
589 3676 758 3760 videntui,
788 3676 872 3764 quod
893 3691 1022 3742 mutare
1043 3678 1147 3763 uolui,
1167 3679 1245 3748 licet
1270 3763 1275 3770 ι

184 3778 267 3846 alias
289 3779 325 3845 iu
345 3779 409 3846 hac
428 3779 595 3862 formula,
618 3802 699 3865 quae
719 3777 1073 3865 frequentissimam,
1095 3786 1150 3846 νῦν
1169 3797 1245 3850 tau·
1361 3837 1363 3847 .
1456 3773 1457 3816 ί

183 3869 255 3946 tum
276 3904 330 3946 mc
350 3883 461 3968 legere
481 3878 632 3950 memini.

269 3981 307 4068 5.
323 3982 377 4049 31.
405 3980 567 4068 Φερένικον
588 3979 728 4063 οάδαμοῦ
748 3977 975 4067 παρεστήσατο.
1016 3982 1244 4068 fluctuosum

186 4082 228 4148 de
248 4106 306 4166 ao,
344 4105 440 4168 quem
462 4084 534 4170 quis
556 4082 873 4172 adhibet.sacrificio
895 4085 1172 4172 concelebrando,
1195 4104 1244 4155 ast

182 4183 283 4250 etiam
295 4183 339 4249 iu'
352 4206 401 4250 or.
420 4185 459 4250 de
470 4181 584 4250 Gircu.
603 4183 675 4250 her.
692 4184 838 4271 5.17.-
862 4183 1001 4269 οάἀαμοῦ
1016 4210 1143 4273 παρεστ.
1157 4192 1243 4254 nullo

181 4287 250 4350 loco
270 4285 431 4370 adhibuit,
463 4286 499 4354 h.
523 4310 553 4352 e.
578 4288 676 4371 plone
691 4302 778 4364 ποτε,
810 4289 879 4354 fere
900 4304 936 4355 ut
957 4287 1095 4380 οὐδαμοῦ
1121 4288 1243 4354 τιθίναι
