2846 4832
232 361 297 432 382
589 355 636 424 ΙΝ
658 354 937 427 ORATIONEM

232 531 273 599 ad
289 517 428 598 ¹l’laton.
442 523 612 594 Phaedon.
634 549 667 616 p.
682 525 736 594 02.
754 523 795 593 Β.
813 501 927 592 liremi
948 522 989 592 ad
1002 526 1127 596 Aeacii.
1149 527 1187 595 in
1201 473 1293 597 lim.
1405 559 1406 566 ν

232 658 267 724 p.
290 632 365 700 106.
424 625 559 700 Plenius
590 625 767 694 dicendum
797 627 914 694 inisset
945 627 1085 694 τοιοῦτον
1119 625 1184 695 οἷόν
1214 629 1294 696 ἔστιν

232 737 344 811 ἐκεῖνο,
365 728 458 796 ονὶν
475 725 518 794 ἀπ
521 727 629 812 ’ἐμοῦ
650 729 715 794 ἔστι
734 726 1001 813 προσδοκώμενον.
1022 767 1067 783 -
1085 730 1295 816 Παρασκενάς

232 834 330 919 λόγων
360 832 412 897 καὶ
438 828 601 916 μάρτυρας
632 821 669 895 oti
701 828 828 914 τάληθῆ
859 836 1095 916 μαρτυροῦντας
1128 833 1295 925 conjungit

232 939 333 1006 etiam
353 917 528 1000 Demosth.
551 929 651 998 lctr.
673 931 813 998 Onetor.
835 956 869 1021 p.
890 931 967 1018 864,
987 936 1042 1001 20.
1405 957 1406 962 ’

317 1036 354 1124 0.
376 1036 409 1100 6.
436 1034 601 1101 Abeolnto
636 1032 804 1122 prooemio
832 1033 976 1124 primam
1003 1037 1295 1122 argumentationis

230 1154 357 1230 partem
388 1133 597 1222 aggreditur,
629 1149 666 1200 nt
692 1151 832 1201 matrem
852 1158 946 1203 auam
968 1134 1102 1204 Gitonis
1121 1137 1227 1208 filiam
1246 1139 1295 1205 lc·
1405 1129 1406 1136 ¹

231 1241 384 1330 gitimam
411 1237 513 1304 iuiaao
540 1235 655 1325 probet
683 1236 805 1322 partim
826 1231 925 1320 λόγων
945 1235 1042 1325 ἀκοῇ,
1073 1237 1132 1304 ubi
1154 1263 1193 1305 ea
1215 1241 1294 1320 affe?

219 1343 335 1412 ‘renda
361 1355 455 1422 aunt,
484 1337 601 1425 quibua
623 1336 679 1424 qui
706 1337 948 1424 interfuerunt,
975 1339 1040 1429 ipei
1061 1363 1129 1407 non
1150 1340 1219 1432 jam
1240 1366 1296 1409 an·

230 1443 380 1536 perstitea
408 1454 500 1522 aunt,
532 1439 588 1506 sed
616 1437 674 1504 alii
697 1463 778 1525 quae
801 1441 842 1505 ab
865 1440 916 1508 hie
938 1441 1003 1507 eibi
1023 1457 1156 1510 narrata
1178 1443 1295 1520 menri·
1405 1531 1406 1538 γ

230 1561 366 1628 nerunt,
397 1541 497 1636 jurati
511 1563 572 1628 pro
588 1539 778 1607 testimonio
789 1545 1001 1628 profitentur,
1028 1544 1113 1631 qnod
1129 1561 1180 1611 eat
1199 1543 1295 1629 ἀκοὴν

230 1655 417 1742 μαρτυρεῖν,
444 1643 566 1733 partim
578 1641 806 1726 consciorum,
835 1643 871 1711 h.
890 1668 920 1710 e.
943 1668 1059 1712 eornm
1079 1646 1136 1732 qni
1156 1646 1222 1736 ipsi
1241 1646 1295 1712 in·-

230 1752 414 1818 terinerunt
436 1759 467 1810 ct
491 1743 590 1809 etiam
608 1767 702 1828 nuno
716 1759 914 1831 superenne,
942 1743 1151 1814 testimoniis.
1204 1745 1293 1830 Ἀκοῆ

230 1850 329 1934 λόγων
357 1864 388 1913 et
416 1844 500 1935 apud
529 1859 675 1911 oratores
696 1867 763 1911 non
785 1869 862 1912 raro
883 1846 1023 1933 dicitur,
1051 1861 1083 1914 et
1098 1849 1190 1937 apud
1211 1849 1294 1916 alioa

230 1951 364 2040 quosvis
390 1947 586 2035 scriptorea3
625 1943 702 2030 ἀκοὴ
728 1945 896 2033 μαρτύρων
922 1962 1032 2014 autern
1059 1949 1216 2016 dicuntur
1242 1949 1296 2016 illi

230 2072 382 2120 rumores
389 2097 400 2132 ,
430 2063 587 2135 qnatenus
608 2060 705 2114 testea
727 2071 746 2114 a
767 2072 802 2114 se
816 2071 877 2116 eoa
899 2048 1026 2116 auditor
1047 2075 1117 2117 eoae
1137 2054 1295 2138 profiten-

230 2169 299 2222 tur.
342 2148 506 2219 Similiter
526 2148 614 2215 inira
636 2149 673 2236 0.
694 2151 753 2216 29τ
785 2148 880 2233 ἀκοὴν
900 2137 1142 2238 μαρτυρούντων
1161 2149 1296 2237 παρεχά-

230 2278 334 2338 μενος.
374 2253 433 2320 Eat
452 2251 557 2341 igitur
576 2247 745 2338 μαρτύρων
764 2253 821 2319 vel
847 2249 1090 2339 μαρτυρούντων
1111 2253 1189 2339 ἀκοὴ
1209 2255 1294 2322 illud

217 2347 360 2447 ipsum,
400 2354 486 2441 quod
516 2367 613 2420 testea
643 2377 679 2419 ae
706 2353 908 2420 adefunctia
934 2355 1096 2444 accepisse
1122 2372 1293 2442 testantur.

232 2458 366 2527 Scilicet
393 2457 465 2522 oola
493 2451 593 2539 λόγων
624 2451 702 2539 ἀκοῇ
731 2453 768 2519 in
798 2451 932 2541 judiciis
959 2456 1180 2560 demonstrari
1206 2457 1296 2524 nihil

229 2573 352 2653 potest,
387 2557 455 2624 niar
444 2556 606 2624 accedat
627 2555 778 2638 testium,
807 2555 864 2642 qni
884 2580 979 2624 suam
1000 2556 1125 2625 hanc’
1107 2555 1204 2642 ἀκοὴν
1224 2581 1294 2626 aare
1404 2605 1405 2610 η

230 2665 412 2740 affirment,
433 2657 624 2724 auctoritas.
666 2655 833 2745 ltaque
797 2680 854 2740 την
870 2653 1003 2742 λόγων
984 2657 1079 2764 ακοὴν
1095 2659 1195 2726 etiem
1210 2685 1295 2746 μορ-

229 2763 331 2852 τδρονν
350 2761 446 2846 ἀκοὴν
477 2783 547 2826 crae
568 2773 706 2848 oportet.
749 2757 929 2832 Direraam
949 2775 1059 2828 autem
1080 2784 1150 2828 eaae
1170 2762 1293 2828 utrius·
1339 2845 1342 2854 .

229 2892 293 2956 qua
326 2861 465 2950 genitivi
498 2860 662 2927 rationem
693 2876 846 2949 apparet;
878 2863 962 2928 alter
992 2862 1082 2928 enim
1111 2860 1292 2948 objectivos

230 2984 296 3053 est,
321 2969 413 3032 alter
434 2958 644 3051 subjectirns.
687 2961 867 3031 Reiskium
887 2978 1014 3046 autem,
1037 2988 1093 3051 qur
1083 2963 1150 3030 0.
1172 2967 1197 3030 l.
1220 2978 1292 3053 post

146 3109 157 3127 .
228 3065 396 3154 μαρτύρων
416 3064 492 3130 add.
514 3063 627 3143 πίστει,
662 3077 694 3129 et
715 3062 752 3150 0.
775 3067 819 3132 20
838 3049 1071 3152 corrigendum
1092 3079 1201 3132 censet
1220 3063 1293 3142 τοάς

136 3183 139 3190 ’
230 3166 325 3252 ἀκοὴν
345 3170 582 3252 μαρτυροῦντας
595 3161 815 3250 παρεχόμενος,
837 3188 947 3250 nemo,
967 3167 1097 3254 opinor,
1119 3167 1291 3235 audica-⁴-

229 3273 313 3341 Μαι
340 3267 384 3345 ὡς
409 3271 606 3350 κληρονομεῖν
634 3263 791 3349 μάλλαν“
774 3276 847 3352 ημῖν
868 3266 887 3350 ἢ
908 3273 1020 3334 τοῦτον
1040 3264 1186 3356 προσήκει
1205 3268 1290 3334 mira

228 3368 488 3448 inconcinnitate
509 3367 633 3436 dictum
654 3382 704 3437 eat
723 3390 785 3456 pro
804 3365 888 3496 ἡμᾶς
907 3367 928 3454 ἢ
948 3375 1123 3436 τοῦτον-
1078 3384 1199 3436 -ant
1218 3365 1289 3454 ἡμῖν

229 3471 379 3564 ἢτοάτῳ.

313 3576 351 3664 0.
373 3576 406 3642 7.
429 3573 461 3652 ἔξ
481 3571 616 3694 ἀδελφῆς
635 3577 691 3656 τῆς
711 3571 808 3638 αὐτοῦ
826 3571 946 3660 μητρδς
966 3569 1064 3657 adria
1083 3572 1289 3658 γεγενημένην.

230 3677 359 3747 Similis
379 3675 585 3767 pronominis
599 3662 798 3763 anaphorici
818 3675 1019 3741 abnndantia
1040 3691 1089 3742 eat
1110 3675 1150 3742 do
1166 3674 1287 3766 Pyrrh.

229 3783 301 3849 her.
333 3755 366 3870 0.
387 3780 447 3846 73.
482 3775 540 3862 την
566 3777 727 3861 θυγατέρα
752 3774 814 3859 ’τὴν
842 3776 875 3842 ἐκ
909 3773 1026 3860 ταύτης
1052 3775 1288 3863 ἀποφανθεῖοαν

230 3879 366 3950 εδναι-
387 3880 521 3947 ἐπίδικον
541 3883 717 3944 καταλιπεῖν
738 3875 845 3961 αὐτήν.
894 3877 969 3947 Νοο
989 3879 1089 3996 plano
1109 3879 1223 3947 eadem
1243 3891 1290 3943 eat

228 3984 314 4053 ratio
347 3984 577 4070 exemplorum
605 4003 687 4067 quae
717 3927 915 4056 Mattlriaeua
941 3977 1125 4066 congessit,
1157 4003 1209 4068 gr.
1231 3978 1286 4046 Gr.

228 4113 262 4178 p.
284 4087 359 4169 876,
387 4069 447 4149 uiri
474 4081 748 4168 redintegrandae
776 4079 919 4148 orationi
947 4078 1149 4170 interruptae
1170 4103 1290 4171 prono·

229 4211 305 4255 men
320 4185 472 4253 inservit.
517 4180 581 4250 Sed
593 4179 737 4248 conferri
751 4198 857 4273 potest
871 4183 910 4249 do
925 4182 1073 4274 Astyph.
1092 4181 1163 4248 her.
1180 4181 1290 4269 §.172

230 4290 282 4354 καὶ
311 4285 410 4364 οὕτως
440 4283 536 4351 αάτδν
567 4282 802 4368 διατεθηνατ“
777 4307 858 4351 wore
887 4283 920 4355 ἔκ
948 4290 1011 4359 τῶν
1037 4287 1161 4368 πληγῶν
1196 4280 1291 4348 αδτάν
