2846 4832
331 336 394 405 nu
417 316 601 429 ononis
622 299 940 413 nnnunirnrn.
984 432 986 436 ¹
1106 346 1206 436 aaa¹

84 507 86 512 ’
116 505 275 576 vocationi
306 479 409 574 iidem
438 507 494 573 illi
524 519 620 574 testes
655 485 821 593 adessent,
859 508 915 596 qui
942 532 978 575 το
1004 533 1057 577 res
1082 509 1171 592 illas,

116 608 288 696 dequibus
317 609 495 694 agebatur,
523 624 696 676 testaturos
724 610 862 696 professi
891 626 995 686 erant.
1039 610 1086 677 Hi
1106 611 1172 699 igi-¹

115 725 164 776 tur
183 734 284 797 quum
305 711 424 777 adsunt
445 709 672 804 provocationi
695 710 825 800 ejusque
846 709 910 798 ipsi
932 712 1172 798 quodammodo
1243 763 1247 772 .
1332 716 1364 742 ”

113 810 282 899 participes
312 813 415 897 fiunt,
443 813 653 900 manifestum
685 812 747 877 hac
776 811 848 899 ipsa
876 835 912 876 re
940 813 1172 880 documentum

84 966 86 977 t
113 912 229 997 edunt,
260 911 324 978 sibi
355 913 395 977 de
416 913 554 1006 veritate
582 935 702 978 earum,
723 936 852 995 rerum,
884 936 962 1008 quaa
985 914 1171 980 testimonio

113 1035 167 1080 sao
188 1013 413 1078 confirmaturi
433 1029 521 1096 snut,
549 1013 629 1078 adeo
650 1019 842 1102 persuasum
864 1037 956 1096 esse,
983 1028 1020 1079 ut
1041 1038 1107 1080 non
1128 1013 1171 1080 ti⁶
1203 1050 1210 1059 κ

112 1130 239 1191 meant,
268 1137 311 1178 ne
326 1115 500 1180 contrariis
514 1135 685 1180 servorum
697 1112 828 1179 indiciis
842 1113 1005 1199 mendacii
1026 1138 1172 1202 arguan-

111 1230 173 1282 tur.
215 1211 281 1308 Hic
311 1230 381 1280 erat
407 1215 511 1300 igitur
537 1214 596 1279 ille
617 1211 748 1298 ἔλεγχος,
780 1238 875 1300 quem
898 1215 970 1278 dari
992 1238 1011 1279 a
1034 1215 1170 1282 testibus

83 1311 86 1320 ’
112 1316 176 1386 suis
198 1330 288 1382 actor
314 1315 421 1383 voluit
441 1340 505 1403 quo
519 1315 641 1400 magis
666 1315 791 1406 judices
812 1315 910 1392 fidem
933 1315 975 1380 iis
996 1315 1168 1382 haberent.
1280 1401 1284 1405 .

110 1415 295 1528 Eodemque
321 1417 420 1483 modo
440 1416 615 1506 Lycurgus
647 1440 717 1504 cap.
741 1418 780 1483 9:
820 1413 906 1498 οἶμαι
937 1417 1016 1495 δεῖν,
1050 1415 1169 1504 inquit,

110 1515 181 1591 τούς
197 1514 362 1602 μάρτυρας
381 1515 425 1618 ρὴ
447 1513 606 1592 δώσοντας
626 1515 744 1600 ἔλεγχον
764 1524 950 1601 μαρτυρεῖν,
978 1515 1056 1609 ἀλλὰ
1078 1518 1170 1582 dado-

110 1615 211 1692 κότας.
259 1615 527 1704 Παρεκαλεσάμην
553 1617 611 1704 ’γὰρ
643 1616 754 1694 αὐτοὺς
783 1614 952 1702 πρόκλησιν
972 1652 1016 1668 —-
1044 1613 1171 1704 γράψας

110 1719 162 1784 καὶ.
180 1718 273 1794 ἀξιῶν
298 1720 472 1798 βασανίζειν
503 1717 576 1794 τοὺς
605 1715 717 1783 τούτου
745 1720 874 1793 οἰκέτας.
925 1717 971 1786 Η.
989 1743 1024 1787 e.
1047 1719 1171 1784 Adesse

109 1821 184 1885 miti
209 1843 260 1886 eos
276 1820 384 1906 jussi,=
410 1845 501 1908 quom
524 1843 725 1906 provocarem
756 1820 967 1885 adversarium
982 1820 1042 1888 od
1069 1843 1170 1888 οενυαο

109 1921 312 1988 exhibendos.
356 1919 513 2008 Pinzgeri
540 1921 581 1987 ad
610 1922 646 1986 h.
677 1923 701 2008 Ι.
731 1919 934 2009 imperitiam
955 1945 1023 1986 non
1044 1922 1170 2004 miror3

109 2021 247 2090 isenim
277 2013 526 2109 παρακαλεῖσθαι
555 2022 646 2089 ἰᾶται
673 2045 742 2089 esse
764 2038 873 2110 potat,
906 2023 991 2116 quod
1013 2027 1177 2108 αροκαλεΐ-Ι
1290 2091 1291 2105 ¹

75 2116 77 2120 ’
110 2129 207 2204 otium
233 2123 289 2216 sed
311 2122 482 2189 Blaminm
511 2123 624 2190 miror¹
644 2137 813 2212 tantopere
842 2123 919 2189 fatti·
947 2123 1107 2212 potuisse,
1134 2138 1171 2188 ut

109 2248 177 2291 non
197 2225 260 2290 hoo
281 2225 389 2291 solum
410 2223 575 2310 Pinzgero
597 2225 763 2304 crederet,
788 2225 848 2290 sed
870 2224 968 2290 etiam
991 2239 1108 2306 testes,
1130 2223 1170 2290 de

107 2325 223 2413 quibus
250 2324 425 2416 Lycurgus
453 2325 619 2410 loquitur,
655 2347 722 2389 non
753 2325 836 2390 alios
863 2347 1051 2410 essequam
1081 2324 1170 2411 ipsos
1200 2323 1203 2336 “

106 2425 288 2494 adversarii
315 2443 428 2492 servos
457 2425 495 2490 in
516 2423 738 2511 quaestionem
757 2423 936 2511 postulatos
965 2423 1186 2508 opinaretur.‘

191 2532 225 2606 ὓ.
249 2526 302 2592 11.
334 2513 451 2609 ταύτην
479 2523 536 2608 τὴν
566 2525 750 2611 μαρτυρίαν.
793 2524 838 2591 H.
863 2548 892 2592 e.
915 2546 977 2610 qua
999 2523 1191 2609 probatur,''

105 2625 315 2694 adversarios
332 2650 410 2693 vere
430 2621 624 2717 piovocatos
646 2650 714 2694 esse
733 2628 773 2693 ab
787 2641 896 2694 autore
914 2625 954 2690 ad
976 2647 1089 2692 servos
1110 2647 1170 2690 ex·

105 2728 282 2796 bibendos.
821 2781 822 2786 ,
851 2715 854 2728 ’
1148 2779 1150 2788 .

192 2804 229 2918 ζ.
254 2830 305 2896 12.
328 2818 420 2911 ὑμεῖς
433 2828 489 2914 μὲν
511 2831 613 2897 τοίνυν
635 2831 687 2896 καὶ
709 2833 772 2920 ἳβίρ
793 2829 845 2896 καὶ
866 2828 1001 2918 δημοσία
1027 2826 1169 2910 βάσανον
1226 2863 1229 2872 ·

104 2929 327 3019 ἀκριβέστατον
349 2930 466 3018 ἔλεγχον
487 2933 619 3016 νομίζετε
633 2933 856 3000 -..Eandem
877 2931 1071 3002 seutentiam
1092 2956 1170 2999 vern

103 3033 163 3124 bis
181 3034 251 3098 sore
270 3033 390 3101 iisdem
411 3058 599 3125 expressam
620 3037 745 3124 profert
764 3033 938 3101 Demosth.
961 3046 1046 3100 orat.
1067 3030 1091 3112 l,
1108 3047 1168 3098 ctr.

104 3133 246 3200 Onetor.
262 3160 296 3224 p.
313 3135 388 3202 874.
407 3161 467 3212 nec
480 3136 590 3204 minus
607 3137 738 3215 diserte,
766 3157 962 3223 quamquam
979 3133 1045 3200 alio
1058 3134 1169 3216 modo,

103 3235 271 3322 eloquitur
298 3236 457 3304 Isocrates
489 3225 661 3326 Trapezit.
694 3260 765 3324 cap.
788 3239 842 3321 27,
869 3259 950 3323 qnos
978 3236 1067 3301 looos
1095 3259 1170 3300 cum

101 3339 171 3404 hoo
188 3353 299 3404 nostro
312 3338 450 3404 contulit
463 3336 533 3430 jam
539 3338 749 3430 Porphyrius
765 3338 849 3426 apud
863 3335 1043 3403 Eusebium
1049 3335 1168 3426 Praep.

101 3461 227 3526 ouang.
255 3439 308 3518 X,
330 3440 351 3504 3
377 3463 410 3526 p.
442 3438 524 3506 466:
562 3440 601 3505 τὰ
636 3441 704 3525 περὶ
738 3437 884 3522 βασάνων
917 3437 1060 3522 οϊρημὲνα
1090 3438 1168 3524 παρ’
1216 3471 1221 3482 ·

97 3538 214 3626 Ἰσαίῳ
241 3539 273 3605 ἓν
298 3541 344 3627 τῷ
372 3540 441 3625 περὶ
466 3545 521 3606 τοῦ
551 3542 693 3627 Κίρτονος
724 3541 839 3628 (vulgo
866 3537 1027 3625 Κύλωνος)
1057 3537 1169 3624 κλήρου

99 3641 158 3704 καὶ
189 3639 274 3726 παρὰ
291 3637 472 3732 ΙἸσοαροίτει
501 3640 533 3706 ἓν
563 3647 608 3728 τῷ
637 3645 834 3730 τραατζιττκῷ
863 3650 973 3720 κεῖται,
1004 3642 1056 3705 καὶ
1075 3641 1167 3725 Ιααρά

97 3740 304 3824 Δημοσθένει
331 3742 364 3808 ἔν
392 3748 438 3831 τῷ
465 3739 539 3806 κατ’
568 3740 738 3831 Ὀνήτορος
758 3741 884 3829 ἐξούλης
905 3740 1013 3826 σχεδὸν
1034 3741 1086 3806 διαὶ
1107 3748 1169 3808 τῶν
1253 3819 1255 3828 ‚

99 3839 210 3908 αὐτῶν
232 3835 359 3928 εἴρηται.
409 3843 687 3932 Neque-dubitari
714 3861 836 3936 potest,
869 3846 950 3932 quin
969 3843 1168 3939 Demosthe-

95 3967 164 4026 nes
194 3957 226 4009 et
253 3945 311 4028 *hic
339 3959 371 4010 et
398 3969 496 4034 supra
518 3946 554 4032 ἦ.
576 3943 599 4012 4
619 3961 650 4013 et
669 3948 691 4016 5
711 3971 780 4014 non
801 3971 876 4013 casu
898 3961 966 4013 tam
986 3945 1106 4012 similia
1127 3945 1170 4010 ait

94 4044 275 4130 magistri,
307 4047 363 4113 sed
385 4047 483 4136 hujus
504 4047 607 4114 verba
628 4064 773 4135 repetere
794 4047 954 4130 voluerit,
976 4060 1013 4111 ut
1035 4048 1075 4112 ad
1097 4069 1169 4110 rem

88 4168 201 4230 ,suam
224 4147 581 4231 accommodatissima3
613 4149 887 4235 quemadmodum
901 4147 1001 4213 etiam
1022 4147 1081 4222 aiii
1102 4169 1168 4212 non
1227 4173 1229 4182 ’

95 4269 185 4334 raro
208 4247 351 4318 aliorum
371 4249 457 4318 diota
479 4265 534 4318 aut
560 4251 680 4320 iisdem
699 4251 811 4319 verbis
833 4265 888 4317 aru
909 4247 1028 4314 leviter
1048 4247 1169 4337 immu-

922 4348 966 4416 25
