<?xml version="1.0" encoding="UTF-8"?>
<!DOCTYPE html PUBLIC "-//W3C//DTD XHTML 1.0 Transitional//EN"
    "http://www.w3.org/TR/xhtml1/DTD/xhtml1-transitional.dtd">
<html xmlns="http://www.w3.org/1999/xhtml" xml:lang="en" lang="en">
 <head>
  <title>
</title>
<meta http-equiv="Content-Type" content="text/html;charset=utf-8" />
  <meta name='ocr-system' content='tesseract 3.04.00' />
  <meta name='ocr-capabilities' content='ocr_page ocr_carea ocr_par ocr_line ocrx_word'/>
</head>
<body>
  <div class='ocr_page' id='page_1' title='image "./isaeiorationesx01isaegoog_0503.png"; bbox 0 0 2824 4844; ppageno 0'>
   <div class='ocr_carea' id='block_1_1' title="bbox 233 303 942 378">
    <p class='ocr_par' dir='ltr' id='par_1_1' title="bbox 233 303 942 378">
     <span class='ocr_line' id='line_1_1' title="bbox 233 303 942 378; baseline -0.007 0"><span class='ocrx_word' id='word_1_1' title='bbox 233 307 299 378; x_wconf 80' lang='grc'><strong>183</strong></span> <span class='ocrx_word' id='word_1_2' title='bbox 586 303 635 374; x_wconf 86' lang='grc' dir='ltr'><strong>ΙΝ</strong></span> <span class='ocrx_word' id='word_1_3' title='bbox 655 303 942 378; x_wconf 73' lang='lat' dir='ltr'><strong>FRAGMENTA</strong></span> 
     </span>
    </p>
   </div>
   <div class='ocr_carea' id='block_1_2' title="bbox 148 471 1385 2794">
    <p class='ocr_par' dir='ltr' id='par_1_2' title="bbox 232 471 1297 870">
     <span class='ocr_line' id='line_1_2' title="bbox 232 471 1295 563; baseline -0.006 -17"><span class='ocrx_word' id='word_1_4' title='bbox 232 477 411 546; x_wconf 81' lang='lat' dir='ltr'><strong>Eumathes</strong></span> <span class='ocrx_word' id='word_1_5' title='bbox 438 499 506 545; x_wconf 92' lang='lat' dir='ltr'><strong>non</strong></span> <span class='ocrx_word' id='word_1_6' title='bbox 531 497 633 544; x_wconf 81' lang='lat' dir='ltr'><strong>manu</strong></span> <span class='ocrx_word' id='word_1_7' title='bbox 653 474 772 543; x_wconf 84' lang='lat' dir='ltr'><strong>missus</strong></span> <span class='ocrx_word' id='word_1_8' title='bbox 802 487 906 558; x_wconf 86' lang='lat' dir='ltr'><strong>esset,</strong></span> <span class='ocrx_word' id='word_1_9' title='bbox 935 471 1121 544; x_wconf 77' lang='lat' dir='ltr'><strong>dominium</strong></span> <span class='ocrx_word' id='word_1_10' title='bbox 1142 472 1213 563; x_wconf 83' lang='lat' dir='ltr'><strong>ejus</strong></span> <span class='ocrx_word' id='word_1_11' title='bbox 1233 498 1295 542; x_wconf 90' lang='lat' dir='ltr'><strong>non</strong></span> 
     </span>
     <span class='ocr_line' id='line_1_3' title="bbox 233 573 1295 668; baseline -0.006 -20"><span class='ocrx_word' id='word_1_12' title='bbox 233 581 344 648; x_wconf 68' lang='lat' dir='ltr'><strong>nehus</strong></span> <span class='ocrx_word' id='word_1_13' title='bbox 370 578 563 667; x_wconf 77' lang='lat' dir='ltr'><strong>pertinerstr</strong></span> <span class='ocrx_word' id='word_1_14' title='bbox 596 575 653 645; x_wconf 84' lang='lat' dir='ltr'><strong>setl</strong></span> <span class='ocrx_word' id='word_1_15' title='bbox 674 599 718 643; x_wconf 83' lang='lat' dir='ltr'><strong>ex</strong></span> <span class='ocrx_word' id='word_1_16' title='bbox 743 574 797 643; x_wconf 86' lang='lat' dir='ltr'><strong>his</strong></span> <span class='ocrx_word' id='word_1_17' title='bbox 824 576 932 643; x_wconf 87' lang='lat' dir='ltr'><strong>solum</strong></span> <span class='ocrx_word' id='word_1_18' title='bbox 957 573 1059 642; x_wconf 86' lang='lat' dir='ltr'><strong>fnisse</strong></span> <span class='ocrx_word' id='word_1_19' title='bbox 1083 573 1295 668; x_wconf 87' lang='lat' dir='ltr'><strong>Dionysium,</strong></span> 
     </span>
     <span class='ocr_line' id='line_1_4' title="bbox 235 675 1297 770; baseline -0.004 -24"><span class='ocrx_word' id='word_1_20' title='bbox 235 681 293 770; x_wconf 86' lang='lat' dir='ltr'><strong>qni</strong></span> <span class='ocrx_word' id='word_1_21' title='bbox 320 680 360 746; x_wconf 83' lang='lat' dir='ltr'><strong>de</strong></span> <span class='ocrx_word' id='word_1_22' title='bbox 394 679 544 746; x_wconf 83' lang='lat' dir='ltr'><strong>libertate</strong></span> <span class='ocrx_word' id='word_1_23' title='bbox 577 676 837 745; x_wconf 83' lang='lat' dir='ltr'><strong>controversiam</strong></span> <span class='ocrx_word' id='word_1_24' title='bbox 867 688 1018 743; x_wconf 82' lang='lat' dir='ltr'><strong>moveret</strong></span> <span class='ocrx_word' id='word_1_25' title='bbox 1051 699 1210 765; x_wconf 86' lang='lat' dir='ltr'><strong>suamque</strong></span> <span class='ocrx_word' id='word_1_26' title='bbox 1238 675 1297 744; x_wconf 84' lang='lat' dir='ltr'><strong>sibi</strong></span> 
     </span>
     <span class='ocr_line' id='line_1_5' title="bbox 235 779 737 870; baseline -0.008 -21"><span class='ocrx_word' id='word_1_27' title='bbox 235 797 364 870; x_wconf 83' lang='lat' dir='ltr'><strong>partem</strong></span> <span class='ocrx_word' id='word_1_28' title='bbox 383 779 522 847; x_wconf 76' lang='lat' dir='ltr'><strong>dominii</strong></span> <span class='ocrx_word' id='word_1_29' title='bbox 542 779 737 848; x_wconf 81' lang='lat' dir='ltr'><strong>vindicaret.</strong></span> 
     </span>
    </p>

    <p class='ocr_par' dir='ltr' id='par_1_3' title="bbox 238 875 1302 1774">
     <span class='ocr_line' id='line_1_6' title="bbox 320 875 1298 968; baseline -0.003 -19"><span class='ocrx_word' id='word_1_30' title='bbox 320 881 439 949; x_wconf 71' lang='grc' dir='ltr'><strong><em>Κοίοιο</em></strong></span> <span class='ocrx_word' id='word_1_31' title='bbox 467 903 538 948; x_wconf 87' lang='lat' dir='ltr'><strong>esse</strong></span> <span class='ocrx_word' id='word_1_32' title='bbox 565 901 697 946; x_wconf 86' lang='lat' dir='ltr'><strong>causam</strong></span> <span class='ocrx_word' id='word_1_33' title='bbox 722 892 797 967; x_wconf 82' lang='lat' dir='ltr'><strong>post</strong></span> <span class='ocrx_word' id='word_1_34' title='bbox 818 875 1083 968; x_wconf 71' lang='lat' dir='ltr'><strong>cephisodorus</strong></span> <span class='ocrx_word' id='word_1_35' title='bbox 1109 881 1298 946; x_wconf 82' lang='lat' dir='ltr'><strong>archontens</strong></span> 
     </span>
     <span class='ocr_line' id='line_1_7' title="bbox 238 977 1299 1073; baseline -0.007 -22"><span class='ocrx_word' id='word_1_36' title='bbox 238 1007 283 1052; x_wconf 85' lang='lat' dir='ltr'><strong>ex</strong></span> <span class='ocrx_word' id='word_1_37' title='bbox 301 981 345 1049; x_wconf 86' lang='lat' dir='ltr'><strong>iis</strong></span> <span class='ocrx_word' id='word_1_38' title='bbox 366 996 499 1073; x_wconf 83' lang='lat' dir='ltr'><strong>apparet</strong></span> <span class='ocrx_word' id='word_1_39' title='bbox 519 1003 603 1069; x_wconf 86' lang='lat' dir='ltr'><strong>quse</strong></span> <span class='ocrx_word' id='word_1_40' title='bbox 630 980 667 1068; x_wconf 52' lang='grc' dir='ltr'><strong>ἦ.</strong></span> <span class='ocrx_word' id='word_1_41' title='bbox 688 982 712 1046; x_wconf 81' lang='lat'>2</span> <span class='ocrx_word' id='word_1_42' title='bbox 731 993 928 1047; x_wconf 81' lang='lat' dir='ltr'><strong>narrantur:</strong></span> <span class='ocrx_word' id='word_1_43' title='bbox 961 984 1226 1066; x_wconf 74' lang='grc' dir='ltr'><strong><em>τριηραρχοῦντος</em></strong></span> <span class='ocrx_word' id='word_1_44' title='bbox 1245 977 1299 1065; x_wconf 74' lang='grc' dir='ltr'><strong>γάρ</strong></span> 
     </span>
     <span class='ocr_line' id='line_1_8' title="bbox 238 1077 1299 1170; baseline -0.002 -20"><span class='ocrx_word' id='word_1_45' title='bbox 238 1109 300 1168; x_wconf 85' lang='grc' dir='ltr'><strong>μου</strong></span> <span class='ocrx_word' id='word_1_46' title='bbox 327 1082 376 1148; x_wconf 72' lang='lat' dir='ltr'><strong>tut</strong></span> <span class='ocrx_word' id='word_1_47' title='bbox 396 1080 624 1170; x_wconf 78' lang='grc' dir='ltr'><strong><em>Κηφισοδώρου</em></strong></span> <span class='ocrx_word' id='word_1_48' title='bbox 656 1079 806 1167; x_wconf 71' lang='grc' dir='ltr'><strong><em>ἄρχοντος</em></strong></span> <span class='ocrx_word' id='word_1_49' title='bbox 835 1085 902 1147; x_wconf 76' lang='grc' dir='ltr'><strong>κτλ.</strong></span> <span class='ocrx_word' id='word_1_50' title='bbox 945 1077 1011 1148; x_wconf 87' lang='lat' dir='ltr'><strong>Sed</strong></span> <span class='ocrx_word' id='word_1_51' title='bbox 1033 1080 1097 1147; x_wconf 84' lang='lat' dir='ltr'><strong>hoc</strong></span> <span class='ocrx_word' id='word_1_52' title='bbox 1118 1081 1230 1170; x_wconf 86' lang='lat' dir='ltr'><strong>ipsum</strong></span> <span class='ocrx_word' id='word_1_53' title='bbox 1250 1106 1299 1148; x_wconf 84' lang='lat' dir='ltr'><strong>sr-</strong></span> 
     </span>
     <span class='ocr_line' id='line_1_9' title="bbox 240 1180 1299 1276; baseline -0.004 -24"><span class='ocrx_word' id='word_1_54' title='bbox 240 1184 369 1253; x_wconf 86' lang='lat' dir='ltr'><strong>chcntis</strong></span> <span class='ocrx_word' id='word_1_55' title='bbox 390 1207 510 1252; x_wconf 88' lang='lat' dir='ltr'><strong>nomen</strong></span> <span class='ocrx_word' id='word_1_56' title='bbox 530 1182 693 1250; x_wconf 88' lang='lat' dir='ltr'><strong>incertum</strong></span> <span class='ocrx_word' id='word_1_57' title='bbox 715 1197 780 1267; x_wconf 84' lang='lat' dir='ltr'><strong>est,</strong></span> <span class='ocrx_word' id='word_1_58' title='bbox 811 1180 973 1268; x_wconf 82' lang='lat' dir='ltr'><strong>siqnidem</strong></span> <span class='ocrx_word' id='word_1_59' title='bbox 996 1204 1048 1271; x_wconf 87' lang='lat' dir='ltr'><strong>ap.</strong></span> <span class='ocrx_word' id='word_1_60' title='bbox 1064 1182 1208 1276; x_wconf 80' lang='lat' dir='ltr'><strong>Dionys.</strong></span> <span class='ocrx_word' id='word_1_61' title='bbox 1224 1183 1299 1250; x_wconf 86' lang='lat' dir='ltr'><strong>Hal.</strong></span> 
     </span>
     <span class='ocr_line' id='line_1_10' title="bbox 240 1281 1300 1377; baseline -0.006 -25"><span class='ocrx_word' id='word_1_62' title='bbox 240 1286 353 1377; x_wconf 79' lang='lat' dir='ltr'><strong>paullo</strong></span> <span class='ocrx_word' id='word_1_63' title='bbox 373 1285 462 1352; x_wconf 81' lang='lat' dir='ltr'><strong>infra</strong></span> <span class='ocrx_word' id='word_1_64' title='bbox 487 1308 522 1374; x_wconf 79' lang='lat' dir='ltr'><strong>p.</strong></span> <span class='ocrx_word' id='word_1_65' title='bbox 543 1285 608 1352; x_wconf 74' lang='lat'><strong>597</strong></span> <span class='ocrx_word' id='word_1_66' title='bbox 636 1282 727 1370; x_wconf 80' lang='lat'>(³14)</span> <span class='ocrx_word' id='word_1_67' title='bbox 738 1330 750 1367; x_wconf 87' lang='lat'><strong><em>,</em></strong></span> <span class='ocrx_word' id='word_1_68' title='bbox 778 1281 837 1348; x_wconf 89' lang='lat' dir='ltr'><strong>nbi</strong></span> <span class='ocrx_word' id='word_1_69' title='bbox 856 1281 914 1349; x_wconf 88' lang='lat' dir='ltr'><strong>hic</strong></span> <span class='ocrx_word' id='word_1_70' title='bbox 933 1283 1025 1349; x_wconf 90' lang='lat' dir='ltr'><strong>locus</strong></span> <span class='ocrx_word' id='word_1_71' title='bbox 1045 1282 1224 1372; x_wconf 87' lang='lat' dir='ltr'><strong>repetitur,</strong></span> <span class='ocrx_word' id='word_1_72' title='bbox 1255 1283 1300 1348; x_wconf 74' lang='grc' dir='ltr'><strong>διδ</strong></span> 
     </span>
     <span class='ocr_line' id='line_1_11' title="bbox 242 1382 1301 1474; baseline -0.003 -20"><span class='ocrx_word' id='word_1_73' title='bbox 242 1383 462 1474; x_wconf 81' lang='grc' dir='ltr'><strong><em>Κηφισοδότου</em></strong></span> <span class='ocrx_word' id='word_1_74' title='bbox 488 1384 646 1474; x_wconf 82' lang='lat' dir='ltr'><strong>scriptum</strong></span> <span class='ocrx_word' id='word_1_75' title='bbox 673 1395 774 1452; x_wconf 82' lang='lat' dir='ltr'><strong>extat.</strong></span> <span class='ocrx_word' id='word_1_76' title='bbox 826 1382 1085 1474; x_wconf 76' lang='lat' dir='ltr'><strong>Cephisodotnm</strong></span> <span class='ocrx_word' id='word_1_77' title='bbox 1114 1386 1301 1452; x_wconf 87' lang='lat' dir='ltr'><strong>archontem</strong></span> 
     </span>
     <span class='ocr_line' id='line_1_12' title="bbox 243 1481 1302 1574; baseline -0.004 -18"><span class='ocrx_word' id='word_1_78' title='bbox 243 1487 302 1556; x_wconf 92' lang='lat'><strong>01.</strong></span> <span class='ocrx_word' id='word_1_79' title='bbox 326 1485 400 1571; x_wconf 76' lang='lat' dir='ltr'><strong>GV,</strong></span> <span class='ocrx_word' id='word_1_80' title='bbox 429 1492 452 1558; x_wconf 98' lang='grc'><strong>3</strong></span> <span class='ocrx_word' id='word_1_81' title='bbox 479 1510 511 1555; x_wconf 86' lang='lat' dir='ltr'><strong>a.</strong></span> <span class='ocrx_word' id='word_1_82' title='bbox 534 1482 574 1553; x_wconf 78' lang='lat'><strong>0.</strong></span> <span class='ocrx_word' id='word_1_83' title='bbox 597 1488 662 1554; x_wconf 84' lang='grc'><strong>358</strong></span> <span class='ocrx_word' id='word_1_84' title='bbox 682 1485 805 1574; x_wconf 79' lang='lat' dir='ltr'><strong>habent</strong></span> <span class='ocrx_word' id='word_1_85' title='bbox 824 1481 917 1551; x_wconf 85' lang='lat' dir='ltr'><strong>Festi</strong></span> <span class='ocrx_word' id='word_1_86' title='bbox 943 1509 962 1551; x_wconf 91' lang='lat' dir='ltr'><strong>e</strong></span> <span class='ocrx_word' id='word_1_87' title='bbox 983 1483 1133 1552; x_wconf 84' lang='lat' dir='ltr'><strong>Diodoro</strong></span> <span class='ocrx_word' id='word_1_88' title='bbox 1156 1485 1255 1570; x_wconf 82' lang='lat' dir='ltr'><strong>XVI,</strong></span> <span class='ocrx_word' id='word_1_89' title='bbox 1284 1487 1302 1552; x_wconf 83' lang='grc' dir='ltr'><strong><em>δ</em></strong></span> 
     </span>
     <span class='ocr_line' id='line_1_13' title="bbox 244 1583 1301 1679; baseline -0.003 -22"><span class='ocrx_word' id='word_1_90' title='bbox 244 1604 275 1657; x_wconf 88' lang='lat' dir='ltr'><strong>ct</strong></span> <span class='ocrx_word' id='word_1_91' title='bbox 294 1585 439 1679; x_wconf 79' lang='lat' dir='ltr'><strong>Dionys.</strong></span> <span class='ocrx_word' id='word_1_92' title='bbox 459 1587 529 1679; x_wconf 79' lang='lat' dir='ltr'><strong>juti.</strong></span> <span class='ocrx_word' id='word_1_93' title='bbox 551 1588 592 1653; x_wconf 86' lang='lat' dir='ltr'><strong>de</strong></span> <span class='ocrx_word' id='word_1_94' title='bbox 612 1585 776 1653; x_wconf 78' lang='lat' dir='ltr'><strong>Dinarch.</strong></span> <span class='ocrx_word' id='word_1_95' title='bbox 798 1609 831 1676; x_wconf 83' lang='lat' dir='ltr'><strong>p.</strong></span> <span class='ocrx_word' id='word_1_96' title='bbox 854 1585 935 1669; x_wconf 75' lang='lat'><strong>6483</strong></span> <span class='ocrx_word' id='word_1_97' title='bbox 964 1583 1227 1676; x_wconf 75' lang='lat' dir='ltr'><strong>Cephisodornm</strong></span> <span class='ocrx_word' id='word_1_98' title='bbox 1247 1588 1301 1656; x_wconf 92' lang='lat'><strong>01.</strong></span> 
     </span>
     <span class='ocr_line' id='line_1_14' title="bbox 245 1685 1302 1774; baseline -0.003 -16"><span class='ocrx_word' id='word_1_99' title='bbox 245 1689 338 1774; x_wconf 86' lang='lat' dir='ltr'><strong>cltt,</strong></span> <span class='ocrx_word' id='word_1_100' title='bbox 359 1695 381 1759; x_wconf 87' lang='grc'><strong>3</strong></span> <span class='ocrx_word' id='word_1_101' title='bbox 402 1712 433 1757; x_wconf 84' lang='grc' dir='ltr'><strong>υ.</strong></span> <span class='ocrx_word' id='word_1_102' title='bbox 457 1687 496 1756; x_wconf 82' lang='lat' dir='ltr'><strong>G.</strong></span> <span class='ocrx_word' id='word_1_103' title='bbox 519 1689 594 1772; x_wconf 78' lang='lat'><strong>366,</strong></span> <span class='ocrx_word' id='word_1_104' title='bbox 626 1712 645 1754; x_wconf 90' lang='lat' dir='ltr'><strong>e</strong></span> <span class='ocrx_word' id='word_1_105' title='bbox 666 1686 807 1754; x_wconf 86' lang='lat' dir='ltr'><strong>Diodor.</strong></span> <span class='ocrx_word' id='word_1_106' title='bbox 830 1685 910 1769; x_wconf 86' lang='lat' dir='ltr'><strong>XV,</strong></span> <span class='ocrx_word' id='word_1_107' title='bbox 931 1689 975 1755; x_wconf 80' lang='lat'><strong>76</strong></span> <span class='ocrx_word' id='word_1_108' title='bbox 996 1686 1224 1756; x_wconf 86' lang='lat' dir='ltr'><strong>et&#39;Demosth.</strong></span> <span class='ocrx_word' id='word_1_109' title='bbox 1247 1704 1302 1755; x_wconf 85' lang='lat' dir='ltr'><strong>etr.</strong></span> 
     </span>
    </p>

    <p class='ocr_par' dir='ltr' id='par_1_4' title="bbox 148 1787 1385 2794">
     <span class='ocr_line' id='line_1_15' title="bbox 245 1787 1304 1879; baseline -0.005 -18"><span class='ocrx_word' id='word_1_110' title='bbox 245 1794 385 1861; x_wconf 88' lang='lat' dir='ltr'><strong>Onetor.</strong></span> <span class='ocrx_word' id='word_1_111' title='bbox 407 1791 426 1858; x_wconf 89' lang='lat' dir='ltr'>l</span> <span class='ocrx_word' id='word_1_112' title='bbox 454 1814 487 1879; x_wconf 81' lang='lat' dir='ltr'><strong>p.</strong></span> <span class='ocrx_word' id='word_1_113' title='bbox 508 1789 584 1858; x_wconf 78' lang='grc'><strong>868.</strong></span> <span class='ocrx_word' id='word_1_114' title='bbox 636 1787 741 1876; x_wconf 80' lang='lat' dir='ltr'><strong>Atqui</strong></span> <span class='ocrx_word' id='word_1_115' title='bbox 762 1790 826 1855; x_wconf 82' lang='lat' dir='ltr'><strong>hoc</strong></span> <span class='ocrx_word' id='word_1_116' title='bbox 847 1811 935 1856; x_wconf 86' lang='lat' dir='ltr'><strong>suno</strong></span> <span class='ocrx_word' id='word_1_117' title='bbox 955 1788 1161 1856; x_wconf 84' lang='lat' dir='ltr'><strong>maritimum</strong></span> <span class='ocrx_word' id='word_1_118' title='bbox 1183 1791 1304 1878; x_wconf 79' lang='lat' dir='ltr'><strong>bellum</strong></span> 
     </span>
     <span class='ocr_line' id='line_1_16' title="bbox 205 1881 1385 1976; baseline -0.002 -17"><span class='ocrx_word' id='word_1_119' title='bbox 205 1881 209 1886; x_wconf 42' lang='lat'>⁵</span> <span class='ocrx_word' id='word_1_120' title='bbox 244 1893 466 1964; x_wconf 69' lang='lat' dir='ltr'>Athenienses</span> <span class='ocrx_word' id='word_1_121' title='bbox 493 1891 623 1958; x_wconf 88' lang='lat' dir='ltr'><strong>nullum</strong></span> <span class='ocrx_word' id='word_1_122' title='bbox 652 1905 842 1976; x_wconf 81' lang='lat' dir='ltr'><strong>gesseruntt</strong></span> <span class='ocrx_word' id='word_1_123' title='bbox 880 1905 992 1957; x_wconf 85' lang='lat' dir='ltr'><strong>contra</strong></span> <span class='ocrx_word' id='word_1_124' title='bbox 1015 1891 1074 1964; x_wconf 88' lang='grc'><strong>01.</strong></span> <span class='ocrx_word' id='word_1_125' title='bbox 1097 1888 1178 1976; x_wconf 79' lang='lat' dir='ltr'><strong>GV,</strong></span> <span class='ocrx_word' id='word_1_126' title='bbox 1194 1893 1228 1966; x_wconf 81' lang='grc'><strong>,3</strong></span> <span class='ocrx_word' id='word_1_127' title='bbox 1247 1916 1303 1959; x_wconf 86' lang='lat' dir='ltr'><strong>ex·</strong></span> <span class='ocrx_word' id='word_1_128' title='bbox 1384 1907 1385 1926; x_wconf 66' lang='lat'>¹</span> 
     </span>
     <span class='ocr_line' id='line_1_17' title="bbox 247 1989 1304 2082; baseline -0.005 -19"><span class='ocrx_word' id='word_1_129' title='bbox 247 2011 355 2066; x_wconf 82' lang='lat' dir='ltr'><strong>ortum</strong></span> <span class='ocrx_word' id='word_1_130' title='bbox 387 2006 435 2059; x_wconf 85' lang='lat' dir='ltr'><strong>est</strong></span> <span class='ocrx_word' id='word_1_131' title='bbox 460 1993 584 2064; x_wconf 88' lang='lat' dir='ltr'><strong>bellum</strong></span> <span class='ocrx_word' id='word_1_132' title='bbox 615 1991 736 2058; x_wconf 85' lang='lat' dir='ltr'><strong>sociale</strong></span> <span class='ocrx_word' id='word_1_133' title='bbox 768 1989 901 2079; x_wconf 86' lang='lat' dir='ltr'><strong>ejusque</strong></span> <span class='ocrx_word' id='word_1_134' title='bbox 930 1991 1046 2060; x_wconf 81' lang='lat' dir='ltr'><strong>statim</strong></span> <span class='ocrx_word' id='word_1_135' title='bbox 1073 1991 1171 2059; x_wconf 90' lang='lat' dir='ltr'><strong>initio</strong></span> <span class='ocrx_word' id='word_1_136' title='bbox 1197 2014 1304 2082; x_wconf 81' lang='lat' dir='ltr'><strong>pugna</strong></span> 
     </span>
     <span class='ocr_line' id='line_1_18' title="bbox 246 2091 1302 2181; baseline -0.001 -18"><span class='ocrx_word' id='word_1_137' title='bbox 246 2095 375 2164; x_wconf 82' lang='lat' dir='ltr'><strong>navalis</strong></span> <span class='ocrx_word' id='word_1_138' title='bbox 397 2093 571 2162; x_wconf 86' lang='lat' dir='ltr'><strong>commissa</strong></span> <span class='ocrx_word' id='word_1_139' title='bbox 592 2093 633 2160; x_wconf 85' lang='lat' dir='ltr'><strong>sd</strong></span> <span class='ocrx_word' id='word_1_140' title='bbox 648 2091 772 2159; x_wconf 81' lang='lat' dir='ltr'><strong>Chium</strong></span> <span class='ocrx_word' id='word_1_141' title='bbox 792 2093 947 2166; x_wconf 86' lang='lat' dir='ltr'><strong>insulem.</strong></span> <span class='ocrx_word' id='word_1_142' title='bbox 990 2094 1132 2166; x_wconf 87' lang='lat' dir='ltr'><strong>Diodor.</strong></span> <span class='ocrx_word' id='word_1_143' title='bbox 1156 2094 1254 2181; x_wconf 78' lang='lat' dir='ltr'>XVI,</span> <span class='ocrx_word' id='word_1_144' title='bbox 1272 2099 1302 2162; x_wconf 82' lang='lat' dir='ltr'><strong>t.</strong></span> 
     </span>
     <span class='ocr_line' id='line_1_19' title="bbox 246 2192 1385 2284; baseline -0.004 -18"><span class='ocrx_word' id='word_1_145' title='bbox 246 2197 323 2266; x_wconf 86' lang='lat' dir='ltr'><strong>Huc</strong></span> <span class='ocrx_word' id='word_1_146' title='bbox 347 2194 452 2282; x_wconf 81' lang='lat' dir='ltr'><strong>igitur</strong></span> <span class='ocrx_word' id='word_1_147' title='bbox 478 2195 642 2284; x_wconf 84' lang='lat' dir='ltr'><strong>pertinere</strong></span> <span class='ocrx_word' id='word_1_148' title='bbox 663 2192 823 2264; x_wconf 88' lang='lat' dir='ltr'><strong>Xenoclis</strong></span> <span class='ocrx_word' id='word_1_149' title='bbox 854 2194 1077 2262; x_wconf 77' lang='lat' dir='ltr'><strong>narrationem</strong></span> <span class='ocrx_word' id='word_1_150' title='bbox 1107 2197 1207 2262; x_wconf 82' lang='lat' dir='ltr'><strong>credo</strong></span> <span class='ocrx_word' id='word_1_151' title='bbox 1235 2221 1304 2262; x_wconf 86' lang='lat' dir='ltr'><strong>cnm</strong></span> <span class='ocrx_word' id='word_1_152' title='bbox 1384 2197 1385 2218; x_wconf 65' lang='lat'>¹</span> 
     </span>
     <span class='ocr_line' id='line_1_20' title="bbox 249 2295 1306 2384; baseline -0.004 -16"><span class='ocrx_word' id='word_1_153' title='bbox 249 2298 404 2369; x_wconf 79' lang='lat' dir='ltr'><strong>Glintono</strong></span> <span class='ocrx_word' id='word_1_154' title='bbox 417 2295 506 2366; x_wconf 81' lang='lat' dir='ltr'><strong>Fast.</strong></span> <span class='ocrx_word' id='word_1_155' title='bbox 519 2295 613 2364; x_wconf 85' lang='lat' dir='ltr'><strong>Heli.</strong></span> <span class='ocrx_word' id='word_1_156' title='bbox 636 2319 669 2384; x_wconf 83' lang='lat' dir='ltr'><strong>p.</strong></span> <span class='ocrx_word' id='word_1_157' title='bbox 689 2296 762 2364; x_wconf 83' lang='grc'><strong>135.</strong></span> <span class='ocrx_word' id='word_1_158' title='bbox 805 2295 917 2383; x_wconf 85' lang='lat' dir='ltr'><strong>Neque</strong></span> <span class='ocrx_word' id='word_1_159' title='bbox 938 2313 1047 2363; x_wconf 90' lang='lat' dir='ltr'><strong>tsrnen</strong></span> <span class='ocrx_word' id='word_1_160' title='bbox 1066 2296 1105 2364; x_wconf 91' lang='lat' dir='ltr'><strong>in</strong></span> <span class='ocrx_word' id='word_1_161' title='bbox 1124 2299 1306 2384; x_wconf 83' lang='lat' dir='ltr'><strong>fragmento</strong></span> 
     </span>
     <span class='ocr_line' id='line_1_21' title="bbox 148 2395 1305 2488; baseline 0.005 -29"><span class='ocrx_word' id='word_1_162' title='bbox 148 2453 151 2459; x_wconf 89' lang='lat'><em>.</em></span> <span class='ocrx_word' id='word_1_163' title='bbox 248 2415 361 2472; x_wconf 87' lang='lat' dir='ltr'><strong>nostro</strong></span> <span class='ocrx_word' id='word_1_164' title='bbox 382 2395 602 2486; x_wconf 77' lang='grc' dir='ltr'><strong><em>Κηφισοδότου</em></strong></span> <span class='ocrx_word' id='word_1_165' title='bbox 633 2421 791 2488; x_wconf 80' lang='lat' dir='ltr'><strong>reponere</strong></span> <span class='ocrx_word' id='word_1_166' title='bbox 818 2396 942 2466; x_wconf 77' lang='lat' dir='ltr'><strong>ausimr</strong></span> <span class='ocrx_word' id='word_1_167' title='bbox 976 2423 1055 2488; x_wconf 84' lang='lat' dir='ltr'><strong>nam</strong></span> <span class='ocrx_word' id='word_1_168' title='bbox 1076 2399 1162 2485; x_wconf 84' lang='lat' dir='ltr'><strong>quod</strong></span> <span class='ocrx_word' id='word_1_169' title='bbox 1192 2399 1230 2468; x_wconf 85' lang='lat' dir='ltr'><strong>in</strong></span> <span class='ocrx_word' id='word_1_170' title='bbox 1247 2399 1305 2474; x_wconf 74' lang='lat' dir='ltr'><strong>isto</strong></span> 
     </span>
     <span class='ocr_line' id='line_1_22' title="bbox 249 2497 1307 2594; baseline -0.003 -25"><span class='ocrx_word' id='word_1_171' title='bbox 249 2505 352 2570; x_wconf 89' lang='lat' dir='ltr'><strong>altero</strong></span> <span class='ocrx_word' id='word_1_172' title='bbox 373 2499 533 2592; x_wconf 72' lang='lat' dir='ltr'><strong>Dionysii</strong></span> <span class='ocrx_word' id='word_1_173' title='bbox 557 2501 631 2566; x_wconf 90' lang='lat' dir='ltr'><strong>loco</strong></span> <span class='ocrx_word' id='word_1_174' title='bbox 660 2500 706 2565; x_wconf 88' lang='lat' dir='ltr'><strong>ita</strong></span> <span class='ocrx_word' id='word_1_175' title='bbox 728 2497 885 2586; x_wconf 86' lang='lat' dir='ltr'><strong>scripturn</strong></span> <span class='ocrx_word' id='word_1_176' title='bbox 912 2513 960 2570; x_wconf 85' lang='lat' dir='ltr'><strong>est</strong></span> <span class='ocrx_word' id='word_1_177' title='bbox 985 2523 1107 2566; x_wconf 87' lang='lat' dir='ltr'><strong>nomen</strong></span> <span class='ocrx_word' id='word_1_178' title='bbox 1129 2500 1307 2594; x_wconf 80' lang='lat' dir='ltr'><strong>archontis,</strong></span> 
     </span>
     <span class='ocr_line' id='line_1_23' title="bbox 249 2599 1306 2694; baseline -0.005 -21"><span class='ocrx_word' id='word_1_179' title='bbox 249 2603 323 2673; x_wconf 83' lang='lat' dir='ltr'><strong>fieri</strong></span> <span class='ocrx_word' id='word_1_180' title='bbox 343 2616 448 2694; x_wconf 78' lang='lat' dir='ltr'><strong>potest</strong></span> <span class='ocrx_word' id='word_1_181' title='bbox 468 2615 505 2668; x_wconf 85' lang='lat' dir='ltr'><strong>ut</strong></span> <span class='ocrx_word' id='word_1_182' title='bbox 525 2624 544 2667; x_wconf 90' lang='lat' dir='ltr'><strong>s</strong></span> <span class='ocrx_word' id='word_1_183' title='bbox 564 2599 712 2668; x_wconf 85' lang='lat' dir='ltr'><strong>librariis</strong></span> <span class='ocrx_word' id='word_1_184' title='bbox 724 2616 892 2689; x_wconf 82' lang='lat' dir='ltr'><strong>peccatum</strong></span> <span class='ocrx_word' id='word_1_185' title='bbox 913 2599 974 2685; x_wconf 89' lang='lat' dir='ltr'><strong>sit,</strong></span> <span class='ocrx_word' id='word_1_186' title='bbox 1004 2601 1165 2670; x_wconf 83' lang='lat' dir='ltr'><strong>facillimo</strong></span> <span class='ocrx_word' id='word_1_187' title='bbox 1187 2626 1306 2688; x_wconf 77' lang='lat' dir='ltr'><strong>errore,</strong></span> 
     </span>
     <span class='ocr_line' id='line_1_24' title="bbox 251 2699 1306 2794; baseline -0.002 -22"><span class='ocrx_word' id='word_1_188' title='bbox 251 2730 352 2794; x_wconf 81' lang='lat' dir='ltr'><strong>quum</strong></span> <span class='ocrx_word' id='word_1_189' title='bbox 372 2701 485 2793; x_wconf 86' lang='lat' dir='ltr'><strong>paucis</strong></span> <span class='ocrx_word' id='word_1_190' title='bbox 504 2716 579 2769; x_wconf 87' lang='lat' dir='ltr'><strong>ante</strong></span> <span class='ocrx_word' id='word_1_191' title='bbox 599 2701 750 2772; x_wconf 79' lang='lat' dir='ltr'><strong>versibus</strong></span> <span class='ocrx_word' id='word_1_192' title='bbox 772 2699 1029 2790; x_wconf 80' lang='lat' dir='ltr'><strong>Cephisodotum</strong></span> <span class='ocrx_word' id='word_1_193' title='bbox 1056 2705 1201 2790; x_wconf 87' lang='lat' dir='ltr'><strong>aliquem</strong></span> <span class='ocrx_word' id='word_1_194' title='bbox 1222 2728 1306 2771; x_wconf 87' lang='lat' dir='ltr'><strong>com·</strong></span> 
     </span>
    </p>
   </div>
   <div class='ocr_carea' id='block_1_3' title="bbox 113 2802 1306 2896">
    <p class='ocr_par' dir='ltr' id='par_1_5' title="bbox 113 2802 1306 2896">
     <span class='ocr_line' id='line_1_25' title="bbox 113 2802 1306 2896; baseline -0.002 -22"><span class='ocrx_word' id='word_1_195' title='bbox 113 2857 118 2864; x_wconf 84' lang='lat'>-</span> <span class='ocrx_word' id='word_1_196' title='bbox 251 2820 469 2875; x_wconf 84' lang='lat' dir='ltr'><strong>memoratum</strong></span> <span class='ocrx_word' id='word_1_197' title='bbox 488 2802 638 2870; x_wconf 83' lang='lat' dir='ltr'><strong>viderent</strong></span> <span class='ocrx_word' id='word_1_198' title='bbox 657 2803 694 2870; x_wconf 87' lang='lat' dir='ltr'><strong>in</strong></span> <span class='ocrx_word' id='word_1_199' title='bbox 710 2802 831 2895; x_wconf 82' lang='lat' dir='ltr'><strong>Lysiae</strong></span> <span class='ocrx_word' id='word_1_200' title='bbox 850 2803 1035 2892; x_wconf 82' lang='lat' dir='ltr'><strong>fragmento</strong></span> <span class='ocrx_word' id='word_1_201' title='bbox 1056 2805 1142 2891; x_wconf 85' lang='lat' dir='ltr'><strong>quod</strong></span> <span class='ocrx_word' id='word_1_202' title='bbox 1163 2805 1213 2872; x_wconf 87' lang='lat' dir='ltr'><strong>ibi</strong></span> <span class='ocrx_word' id='word_1_203' title='bbox 1227 2805 1306 2896; x_wconf 87' lang='lat' dir='ltr'><strong>Dio·</strong></span> 
     </span>
    </p>
   </div>
   <div class='ocr_carea' id='block_1_4' title="bbox 252 2903 1315 4317">
    <p class='ocr_par' dir='ltr' id='par_1_6' title="bbox 252 2903 1310 3907">
     <span class='ocr_line' id='line_1_26' title="bbox 252 2903 1306 2999; baseline -0.003 -24"><span class='ocrx_word' id='word_1_204' title='bbox 252 2908 368 2999; x_wconf 83' lang='lat' dir='ltr'><strong>nysius</strong></span> <span class='ocrx_word' id='word_1_205' title='bbox 382 2903 553 2993; x_wconf 73' lang='lat' dir='ltr'><strong>appossita</strong></span> <span class='ocrx_word' id='word_1_206' title='bbox 568 2903 719 2971; x_wconf 79' lang='lat' dir='ltr'><strong>Diodoro</strong></span> <span class='ocrx_word' id='word_1_207' title='bbox 735 2919 844 2970; x_wconf 89' lang='lat' dir='ltr'><strong>autem</strong></span> <span class='ocrx_word' id='word_1_208' title='bbox 860 2919 892 2971; x_wconf 88' lang='lat' dir='ltr'><strong>et</strong></span> <span class='ocrx_word' id='word_1_209' title='bbox 910 2905 1006 2972; x_wconf 86' lang='lat' dir='ltr'><strong>alteri</strong></span> <span class='ocrx_word' id='word_1_210' title='bbox 1013 2903 1174 2999; x_wconf 83' lang='lat' dir='ltr'><strong>Dionysii</strong></span> <span class='ocrx_word' id='word_1_211' title='bbox 1186 2909 1260 2975; x_wconf 89' lang='lat' dir='ltr'><strong>ioco</strong></span> <span class='ocrx_word' id='word_1_212' title='bbox 1273 2906 1306 2972; x_wconf 85' lang='lat' dir='ltr'><strong>iu</strong></span> 
     </span>
     <span class='ocr_line' id='line_1_27' title="bbox 252 3005 1306 3098; baseline 0.002 -26"><span class='ocrx_word' id='word_1_213' title='bbox 252 3009 322 3098; x_wconf 76' lang='lat' dir='ltr'><strong>juri.</strong></span> <span class='ocrx_word' id='word_1_214' title='bbox 345 3007 385 3072; x_wconf 86' lang='lat' dir='ltr'><strong>de</strong></span> <span class='ocrx_word' id='word_1_215' title='bbox 405 3005 569 3071; x_wconf 84' lang='lat' dir='ltr'><strong>Dinarch.</strong></span> <span class='ocrx_word' id='word_1_216' title='bbox 592 3005 714 3094; x_wconf 84' lang='lat' dir='ltr'><strong>opponi</strong></span> <span class='ocrx_word' id='word_1_217' title='bbox 735 3020 839 3095; x_wconf 78' lang='lat' dir='ltr'><strong>potest</strong></span> <span class='ocrx_word' id='word_1_218' title='bbox 859 3006 1035 3080; x_wconf 80' lang='lat' dir='ltr'><strong>Marmenia</strong></span> <span class='ocrx_word' id='word_1_219' title='bbox 1056 3007 1149 3076; x_wconf 88' lang='lat' dir='ltr'><strong>Parii</strong></span> <span class='ocrx_word' id='word_1_220' title='bbox 1169 3007 1306 3076; x_wconf 88' lang='lat' dir='ltr'><strong>anctori-</strong></span> 
     </span>
     <span class='ocr_line' id='line_1_28' title="bbox 253 3106 1307 3204; baseline 0.001 -29"><span class='ocrx_word' id='word_1_221' title='bbox 253 3125 323 3193; x_wconf 87' lang='lat' dir='ltr'><strong>tas,</strong></span> <span class='ocrx_word' id='word_1_222' title='bbox 351 3106 387 3173; x_wconf 90' lang='lat' dir='ltr'><strong>in</strong></span> <span class='ocrx_word' id='word_1_223' title='bbox 409 3129 491 3193; x_wconf 87' lang='lat' dir='ltr'><strong>quo,</strong></span> <span class='ocrx_word' id='word_1_224' title='bbox 517 3129 572 3172; x_wconf 84' lang='lat' dir='ltr'><strong>no.</strong></span> <span class='ocrx_word' id='word_1_225' title='bbox 596 3111 651 3190; x_wconf 83' lang='lat'><strong>76,</strong></span> <span class='ocrx_word' id='word_1_226' title='bbox 672 3107 742 3204; x_wconf 83' lang='lat' dir='ltr'><strong>ejus</strong></span> <span class='ocrx_word' id='word_1_227' title='bbox 763 3107 859 3192; x_wconf 89' lang='lat' dir='ltr'><strong>anui,</strong></span> <span class='ocrx_word' id='word_1_228' title='bbox 872 3132 950 3195; x_wconf 71' lang='lat' dir='ltr'><strong>¹‚quo</strong></span> <span class='ocrx_word' id='word_1_229' title='bbox 970 3108 1156 3177; x_wconf 86' lang='lat' dir='ltr'><strong>Phocenses</strong></span> <span class='ocrx_word' id='word_1_230' title='bbox 1170 3109 1307 3199; x_wconf 82' lang='lat' dir='ltr'><strong>Deiphi-</strong></span> 
     </span>
     <span class='ocr_line' id='line_1_29' title="bbox 253 3208 1308 3297; baseline -0.001 -20"><span class='ocrx_word' id='word_1_231' title='bbox 253 3234 329 3278; x_wconf 87' lang='lat' dir='ltr'><strong>curn</strong></span> <span class='ocrx_word' id='word_1_232' title='bbox 358 3208 516 3297; x_wconf 86' lang='lat' dir='ltr'><strong>templum</strong></span> <span class='ocrx_word' id='word_1_233' title='bbox 546 3208 687 3296; x_wconf 86' lang='lat' dir='ltr'><strong>spoliare</strong></span> <span class='ocrx_word' id='word_1_234' title='bbox 707 3209 854 3296; x_wconf 75' lang='lat' dir='ltr'><strong>aggressi</strong></span> <span class='ocrx_word' id='word_1_235' title='bbox 879 3210 964 3290; x_wconf 83' lang='lat' dir='ltr'><strong>siut,</strong></span> <span class='ocrx_word' id='word_1_236' title='bbox 993 3211 1028 3276; x_wconf 86' lang='lat' dir='ltr'><strong>ir.</strong></span> <span class='ocrx_word' id='word_1_237' title='bbox 1051 3234 1081 3277; x_wconf 87' lang='lat' dir='ltr'><strong>e.</strong></span> <span class='ocrx_word' id='word_1_238' title='bbox 1103 3211 1161 3279; x_wconf 91' lang='grc'><strong>01.</strong></span> <span class='ocrx_word' id='word_1_239' title='bbox 1185 3208 1259 3290; x_wconf 81' lang='lat' dir='ltr'><strong>GV,</strong></span> <span class='ocrx_word' id='word_1_240' title='bbox 1278 3213 1308 3292; x_wconf 94' lang='grc'><strong>3,</strong></span> 
     </span>
     <span class='ocr_line' id='line_1_30' title="bbox 255 3308 1307 3400; baseline -0.002 -22"><span class='ocrx_word' id='word_1_241' title='bbox 255 3311 379 3378; x_wconf 88' lang='lat' dir='ltr'><strong>archon</strong></span> <span class='ocrx_word' id='word_1_242' title='bbox 405 3324 541 3378; x_wconf 86' lang='lat' dir='ltr'><strong>vocatur</strong></span> <span class='ocrx_word' id='word_1_243' title='bbox 560 3308 822 3400; x_wconf 72' lang='lat' dir='ltr'><strong>cephisodorus:</strong></span> <span class='ocrx_word' id='word_1_244' title='bbox 860 3335 942 3398; x_wconf 86' lang='lat' dir='ltr'><strong>quae</strong></span> <span class='ocrx_word' id='word_1_245' title='bbox 969 3310 997 3378; x_wconf 90' lang='lat' dir='ltr'><strong>si</strong></span> <span class='ocrx_word' id='word_1_246' title='bbox 1019 3326 1106 3378; x_wconf 86' lang='lat' dir='ltr'><strong>certa</strong></span> <span class='ocrx_word' id='word_1_247' title='bbox 1127 3324 1177 3380; x_wconf 85' lang='lat' dir='ltr'><strong>est</strong></span> <span class='ocrx_word' id='word_1_248' title='bbox 1202 3311 1307 3394; x_wconf 84' lang='lat' dir='ltr'><strong>lectio,</strong></span> 
     </span>
     <span class='ocr_line' id='line_1_31' title="bbox 255 3411 1308 3502; baseline -0.002 -22"><span class='ocrx_word' id='word_1_249' title='bbox 255 3412 414 3481; x_wconf 88' lang='lat' dir='ltr'><strong>marmori</strong></span> <span class='ocrx_word' id='word_1_250' title='bbox 428 3411 536 3502; x_wconf 80' lang='lat' dir='ltr'><strong>potius</strong></span> <span class='ocrx_word' id='word_1_251' title='bbox 551 3436 648 3498; x_wconf 86' lang='lat' dir='ltr'><strong>quam</strong></span> <span class='ocrx_word' id='word_1_252' title='bbox 660 3412 825 3480; x_wconf 77' lang='lat' dir='ltr'><strong>codicibus</strong></span> <span class='ocrx_word' id='word_1_253' title='bbox 838 3413 936 3479; x_wconf 83' lang='lat' dir='ltr'><strong>fidem</strong></span> <span class='ocrx_word' id='word_1_254' title='bbox 949 3414 1132 3480; x_wconf 83' lang='lat' dir='ltr'><strong>habendam</strong></span> <span class='ocrx_word' id='word_1_255' title='bbox 1150 3429 1182 3479; x_wconf 91' lang='lat' dir='ltr'><strong>et</strong></span> <span class='ocrx_word' id='word_1_256' title='bbox 1193 3412 1308 3478; x_wconf 83' lang='lat' dir='ltr'><strong>utrius·</strong></span> 
     </span>
     <span class='ocr_line' id='line_1_32' title="bbox 257 3505 1309 3603; baseline -0.004 -21"><span class='ocrx_word' id='word_1_257' title='bbox 257 3539 319 3603; x_wconf 89' lang='lat' dir='ltr'><strong>que</strong></span> <span class='ocrx_word' id='word_1_258' title='bbox 339 3515 419 3582; x_wconf 89' lang='lat' dir='ltr'><strong>anni</strong></span> <span class='ocrx_word' id='word_1_259' title='bbox 440 3513 653 3598; x_wconf 76' lang='lat' dir='ltr'><strong>cognomi-nes</strong></span> <span class='ocrx_word' id='word_1_260' title='bbox 674 3516 848 3584; x_wconf 79' lang='lat' dir='ltr'><strong>archontes</strong></span> <span class='ocrx_word' id='word_1_261' title='bbox 869 3505 969 3590; x_wconf 75' lang='lat' dir='ltr'><strong>fuisse</strong></span> <span class='ocrx_word' id='word_1_262' title='bbox 990 3529 1108 3582; x_wconf 85' lang='lat' dir='ltr'><strong>statuo.</strong></span> <span class='ocrx_word' id='word_1_263' title='bbox 1129 3553 1174 3564; x_wconf 86' lang='grc'><strong>-</strong></span> <span class='ocrx_word' id='word_1_264' title='bbox 1202 3505 1309 3601; x_wconf 73' lang='lat' dir='ltr'><strong>ltaque</strong></span> 
     </span>
     <span class='ocr_line' id='line_1_33' title="bbox 257 3613 1310 3709; baseline -0.004 -25"><span class='ocrx_word' id='word_1_265' title='bbox 257 3633 329 3709; x_wconf 83' lang='lat' dir='ltr'><strong>post</strong></span> <span class='ocrx_word' id='word_1_266' title='bbox 351 3618 407 3684; x_wconf 93' lang='grc' dir='ltr'><strong>ΟΙ.</strong></span> <span class='ocrx_word' id='word_1_267' title='bbox 435 3613 513 3698; x_wconf 85' lang='lat' dir='ltr'><strong>GV,</strong></span> <span class='ocrx_word' id='word_1_268' title='bbox 541 3618 562 3680; x_wconf 94' lang='grc'><strong>3</strong></span> <span class='ocrx_word' id='word_1_269' title='bbox 589 3616 675 3682; x_wconf 80' lang='lat' dir='ltr'><strong>hauc</strong></span> <span class='ocrx_word' id='word_1_270' title='bbox 703 3640 764 3706; x_wconf 84' lang='lat' dir='ltr'><strong>pro</strong></span> <span class='ocrx_word' id='word_1_271' title='bbox 784 3616 946 3684; x_wconf 85' lang='lat' dir='ltr'><strong>Eumathe</strong></span> <span class='ocrx_word' id='word_1_272' title='bbox 967 3616 1149 3696; x_wconf 69' lang='lat' dir='ltr'><strong>credonem</strong></span> <span class='ocrx_word' id='word_1_273' title='bbox 1169 3615 1310 3683; x_wconf 82' lang='lat' dir='ltr'><strong>habitan</strong></span> 
     </span>
     <span class='ocr_line' id='line_1_34' title="bbox 259 3717 1310 3808; baseline -0.008 -20"><span class='ocrx_word' id='word_1_274' title='bbox 259 3743 330 3787; x_wconf 85' lang='lat' dir='ltr'><strong>esre</strong></span> <span class='ocrx_word' id='word_1_275' title='bbox 346 3729 492 3797; x_wconf 78' lang='lat' dir='ltr'><strong>coustat3</strong></span> <span class='ocrx_word' id='word_1_276' title='bbox 520 3739 616 3802; x_wconf 83' lang='lat' dir='ltr'><strong>quam</strong></span> <span class='ocrx_word' id='word_1_277' title='bbox 632 3719 734 3803; x_wconf 80' lang='lat' dir='ltr'><strong>longo</strong></span> <span class='ocrx_word' id='word_1_278' title='bbox 749 3734 823 3808; x_wconf 84' lang='lat' dir='ltr'><strong>post</strong></span> <span class='ocrx_word' id='word_1_279' title='bbox 837 3732 982 3808; x_wconf 85' lang='lat' dir='ltr'><strong>tempore</strong></span> <span class='ocrx_word' id='word_1_280' title='bbox 991 3763 1003 3804; x_wconf 89' lang='lat'><strong>,</strong></span> <span class='ocrx_word' id='word_1_281' title='bbox 1023 3718 1060 3786; x_wconf 82' lang='lat' dir='ltr'><strong>iti</strong></span> <span class='ocrx_word' id='word_1_282' title='bbox 1074 3717 1207 3805; x_wconf 84' lang='lat' dir='ltr'><strong>quidem</strong></span> <span class='ocrx_word' id='word_1_283' title='bbox 1217 3717 1310 3794; x_wconf 67' lang='lat' dir='ltr'><strong>¹nullo</strong></span> 
     </span>
     <span class='ocr_line' id='line_1_35' title="bbox 257 3817 692 3907; baseline 0 -20"><span class='ocrx_word' id='word_1_284' title='bbox 257 3818 383 3888; x_wconf 84' lang='lat' dir='ltr'><strong>indicio</strong></span> <span class='ocrx_word' id='word_1_285' title='bbox 402 3817 555 3901; x_wconf 80' lang='lat' dir='ltr'><strong>cognosci</strong></span> <span class='ocrx_word' id='word_1_286' title='bbox 574 3833 692 3907; x_wconf 86' lang='lat' dir='ltr'><strong>potest.</strong></span> 
     </span>
    </p>

    <p class='ocr_par' dir='ltr' id='par_1_7' title="bbox 261 3917 1315 4317">
     <span class='ocr_line' id='line_1_36' title="bbox 341 3917 1312 4011; baseline 0 -27"><span class='ocrx_word' id='word_1_287' title='bbox 341 3917 417 4008; x_wconf 82' lang='lat' dir='ltr'><strong>lpas</strong></span> <span class='ocrx_word' id='word_1_288' title='bbox 436 3917 621 4004; x_wconf 79' lang='lat' dir='ltr'><strong>fragments</strong></span> <span class='ocrx_word' id='word_1_289' title='bbox 641 3937 709 3990; x_wconf 85' lang='lat' dir='ltr'><strong>tam</strong></span> <span class='ocrx_word' id='word_1_290' title='bbox 729 3922 827 4011; x_wconf 84' lang='lat' dir='ltr'><strong>plana</strong></span> <span class='ocrx_word' id='word_1_291' title='bbox 848 3937 926 3990; x_wconf 89' lang='lat' dir='ltr'><strong>sunt</strong></span> <span class='ocrx_word' id='word_1_292' title='bbox 946 3945 984 3988; x_wconf 88' lang='lat' dir='ltr'><strong>ac</strong></span> <span class='ocrx_word' id='word_1_293' title='bbox 1003 3919 1130 4006; x_wconf 79' lang='lat' dir='ltr'><strong>incilia,</strong></span> <span class='ocrx_word' id='word_1_294' title='bbox 1159 3935 1196 3986; x_wconf 88' lang='lat' dir='ltr'><strong>ut</strong></span> <span class='ocrx_word' id='word_1_295' title='bbox 1215 3919 1312 3986; x_wconf 84' lang='lat' dir='ltr'><strong>inter·</strong></span> 
     </span>
     <span class='ocr_line' id='line_1_37' title="bbox 262 4017 1313 4113; baseline -0.001 -27"><span class='ocrx_word' id='word_1_296' title='bbox 262 4033 387 4113; x_wconf 85' lang='lat' dir='ltr'><strong>pretam</strong></span> <span class='ocrx_word' id='word_1_297' title='bbox 417 4027 515 4088; x_wconf 78' lang='lat' dir='ltr'><strong>uerno</strong></span> <span class='ocrx_word' id='word_1_298' title='bbox 544 4021 785 4096; x_wconf 78' lang='lat' dir='ltr'><strong>desideraturus</strong></span> <span class='ocrx_word' id='word_1_299' title='bbox 813 4023 867 4092; x_wconf 88' lang='lat' dir='ltr'><strong>sit.</strong></span> <span class='ocrx_word' id='word_1_300' title='bbox 932 4023 1019 4094; x_wconf 87' lang='lat' dir='ltr'><strong>Nam</strong></span> <span class='ocrx_word' id='word_1_301' title='bbox 1047 4017 1313 4108; x_wconf 76' lang='grc' dir='ltr'><strong><em>παρακαταθήκην</em></strong></span> 
     </span>
     <span class='ocr_line' id='line_1_38' title="bbox 261 4122 1313 4211; baseline 0.001 -22"><span class='ocrx_word' id='word_1_302' title='bbox 261 4124 372 4205; x_wconf 82' lang='lat' dir='ltr'><strong>illem,</strong></span> <span class='ocrx_word' id='word_1_303' title='bbox 399 4143 482 4210; x_wconf 86' lang='lat' dir='ltr'><strong>quse</strong></span> <span class='ocrx_word' id='word_1_304' title='bbox 508 4122 901 4211; x_wconf 59' lang='lat' dir='ltr'><strong>wcommeuoratnr,</strong></span> <span class='ocrx_word' id='word_1_305' title='bbox 931 4124 1018 4192; x_wconf 88' lang='lat' dir='ltr'><strong>nihil</strong></span> <span class='ocrx_word' id='word_1_306' title='bbox 1045 4148 1121 4200; x_wconf 68' lang='lat' dir='ltr'><strong>esse,</strong></span> <span class='ocrx_word' id='word_1_307' title='bbox 1134 4123 1203 4190; x_wconf 86' lang='lat' dir='ltr'><strong>nisi</strong></span> <span class='ocrx_word' id='word_1_308' title='bbox 1222 4124 1313 4207; x_wconf 77' lang='lat' dir='ltr'><strong>depo·</strong></span> 
     </span>
     <span class='ocr_line' id='line_1_39' title="bbox 263 4222 1315 4317; baseline -0.006 -27"><span class='ocrx_word' id='word_1_309' title='bbox 263 4225 354 4290; x_wconf 72' lang='grc' dir='ltr'><strong><em>οἰευυι</em></strong></span> <span class='ocrx_word' id='word_1_310' title='bbox 371 4225 534 4311; x_wconf 76' lang='lat' dir='ltr'><strong>pecuniam</strong></span> <span class='ocrx_word' id='word_1_311' title='bbox 554 4250 607 4295; x_wconf 88' lang='lat' dir='ltr'><strong>res</strong></span> <span class='ocrx_word' id='word_1_312' title='bbox 633 4227 713 4317; x_wconf 18' lang='lat' dir='ltr'><strong>ipsa!</strong></span> <span class='ocrx_word' id='word_1_313' title='bbox 726 4228 935 4299; x_wconf 81' lang='lat' dir='ltr'><strong>meniiestutn</strong></span> <span class='ocrx_word' id='word_1_314' title='bbox 956 4226 1045 4295; x_wconf 84' lang='lat' dir='ltr'><strong>facit.</strong></span> <span class='ocrx_word' id='word_1_315' title='bbox 1065 4235 1067 4246; x_wconf 90' lang='lat'>&#39;</span> <span class='ocrx_word' id='word_1_316' title='bbox 1088 4225 1142 4294; x_wconf 87' lang='lat' dir='ltr'><strong>De</strong></span> <span class='ocrx_word' id='word_1_317' title='bbox 1163 4222 1239 4292; x_wconf 88' lang='lat' dir='ltr'><strong>aliis</strong></span> <span class='ocrx_word' id='word_1_318' title='bbox 1259 4245 1315 4286; x_wconf 83' lang='grc' dir='ltr'><strong>αα·</strong></span> 
     </span>
    </p>
   </div>
   <div class='ocr_carea' id='block_1_5' title="bbox 0 0 1447 4844">
    <p class='ocr_par' dir='ltr' id='par_1_8' title="bbox 0 0 1447 4844">
     <span class='ocr_line' id='line_1_40' title="bbox 0 0 1447 4844; baseline 0 0"><span class='ocrx_word' id='word_1_319' title='bbox 0 0 1447 4844; x_wconf 95' lang='lat' dir='ltr'><strong> </strong></span> 
     </span>
    </p>
   </div>
  </div>
 </body>
</html>
