2942 4842
350 384 414 455 uu
437 371 673 454 ocuourut
693 383 1012 468 uuuunrrnrn
1151 387 1214 455 ιοι
1339 337 1347 346 ’

148 554 209 642 γὰρ
239 551 339 639 δήπου
367 552 523 634 ζάντες“
502 580 542 642 αν
569 552 848 673 ίιεχειρίσαμεν’
810 559 894 642 αυτῷ
915 554 972 639 τὴν
992 552 1100 622 οὸσίον
1121 557 1214 645 equi-

148 658 225 733 dem
245 655 372 724 illud'
352 683 391 721 ιιν
412 657 523 724 alieno
542 656 652 723 loco
639 655 813 746 irrepsisse
834 655 1041 724 crediderim.
1083 657 1214 750 Quippe

149 783 218 826 nou
240 760 322 826 haec
353 774 401 826 eat
427 757 605 826 sententia:
641 759 668 822 εἲ
693 757 817 841 dloquar,
846 756 1112 844 ἔνεχειρίσιιμεν”
1091 785 1147 838 οι,
1177 776 1215 827 ut

152 861 217 928 ltoc
237 860 403 946 ἐγχειρίζειν
418 884 462 927 ex
482 857 676 926 condicione
690 873 804 949 aptrrm
825 858 886 941 sit;
908 862 963 926 sed
986 884 1039 927 res
1060 861 1215 948 designa·

155 976 212 1029 tnr
237 964 316 1032 ue're
346 963 450 1045 lacta,
481 961 589 1040 ζῶντες
609 959 842 1048 ἐνεχειρίσαμεν,
872 960 992 1047 inqua
1013 962 1216 1049 designanda

154 1087 238 1151 quae
266 1064 321 1131 vis
347 1063 391 1130 sit
418 1061 600 1154 particulae
629 1086 690 1148 ego
717 1086 770 1128 mo
799 1081 866 1128 non
895 1062 1079 1152 perspicere
1098 1067 1214 1133 fateor.

156 1164 281 1236 Gontra
310 1189 392 1252 qnae
423 1177 622 1252 sequuntur,
651 1158 905 1246 ἀποθνήσκοντες
925 1164 975 1242 δέ,
1016 1165 1217 1256 hypothesin
1240 1207 1244 1216 ,

155 1267 324 1333 continent
353 1265 445 1370 cujus
475 1267 556 1332 hacc
577 1279 626 1331 est
645 1265 797 1354 apodosis
817 1262 1101 1348 ἐβουλήθημεν-
1101 1292 1217 1355 ,quae

153 1365 335 1454 quidem”
314 1393 354 1432 αν
373 1362 544 1457 particula
572 1389 684 1432 carere
715 1390 783 1434 nou
803 1390 897 1456 posse
917 1366 1062 1434 videtur.
1105 1368 1217 1455 Neque

152 1484 264 1536 tamen
292 1493 365 1535 cam
394 1469 451 1534 hic
480 1463 691 1535 inserendam
719 1480 817 1555 puto,
850 1468 906 1534 sed
935 1467 1044 1556 potins
1062 1468 1099 1536 in
1118 1470 1217 1538 initio

126 1570 252 1638 ‘totins
273 1571 419 1659 periodi:
457 1568 575 1655 οὐγὰρ
597 1565 637 1633 ὅν
657 1563 775 1651 δήπου,
796 1585 839 1618 ·'·-·
869 1565 987 1658 quippe
1008 1593 1109 1658 quum
1137 1573 1218 1640 lraec

153 1672 255 1740 verba
277 1695 344 1738 nou
366 1673 406 1742 ud
423 1669 577 1761 proxima
597 1669 657 1734 illa
679 1671 788 1746 ζῶντες
803 1671 1035 1758 ι’νεχειρίσυμεν,
1063 1672 1120 1738 sed
1144 1688 1218 1740 tan·

115 1759 124 1784 ⁸
154 1788 227 1839 tum
259 1773 300 1840 ad
320 1773 482 1862 posterius
509 1767 696 1838 memhrum'
725 1767 974 1856 ἀποθνήσκοντες
1005 1771 1218 1858 ἐβουλήθημεν

154 1876 351 1966 pertineant.
394 1873 453 1942 Est
474 1871 640 1948 enimlric
660 1872 752 1940 locus
775 1896 819 1938 ex
840 1895 878 1938 eo
896 1874 1064 1941 idiomatis
1085 1899 1240 1963 generes

156 1978 196 2043 de
218 2001 281 2063 quo
302 1989 376 2066 post
391 1975 556 2042 Wolfium
568 1972 734 2041 Analectt.
756 1973 801 2040 ll.
824 2000 857 2064 p.
879 1974 944 2041 318
964 1975 1095 2062 egregie
1115 2001 1220 2066 nuper

98 2122 99 2128 κ
157 2077 336 2167 disputavit
364 2074 552 2165 Madvigius
583 2075 758 2142 emendata.
789 2076 830 2142 ad
865 2074 936 2143 cic.
967 2076 1089 2166 philos.
1120 2103 1154 2167 p.
1176 2079 1219 2146 25

158 2203 228 2267 sqq.
282 2176 451 2246 Nimirum
480 2177 521 2243 ad
548 2186 679 2242 nostrae
709 2176 845 2264 linguae
873 2177 1141 2260 consuetudinem
1172 2179 1219 2246 ita

157 2281 240 2348 haec
268 2293 365 2346 erunt
392 2278 577 2354 efferenda:
616 2275 653 2344 οὔ
683 2276 743 2364 γὰρ
774 2277 813 2343 ἀν
841 2277 959 2361 δήπου,
986 2277 1086 2363 ἐπειδὴ
1113 2281 1220 2358 ζῶντες
1321 2357 1324 2364 ⁴

158 2381 380 2468 ἰνεχειρίσαμεν
399 2417 458 2460 -,
479 2376 728 2463 ἀποθνήσκοντες
755 2375 950 2462 ἐβουλόμεθα
971 2385 1036 2444 κτλ.
1078 2377 1220 2466 Similia,

36 2555 43 2562 ,
158 2499 389 2574 praeterquam
418 2481 504 2567 quod
536 2480 575 2546 ad
608 2479 856 2547 collocationem
886 2481 1066 2570 particulae
1095 2481 1220 2566 attinet,
1271 2497 1277 2510 '

101 2643 104 2650 .
155 2588 248 2653 Ιοσιιε
270 2599 320 2651 est
344 2582 429 2672 apud
451 2581 625 2652 Demosth.
647 2580 688 2646 de
716 2605 830 2648 coron.
851 2607 884 2671 p.
905 2583 990 2666 Μ,
1011 2585 1072 2650 23ι
1101 2581 1137 2648 οὔ
1158 2582 1218 2668 γὰρ

47 2671 54 2694 i
158 2683 259 2814 δήπου
288 2687 500 2769 Κτησιφῶντα
525 2682 582 2766 μὲν
613 2677 743 2748 dducam
770 2681 887 2748 διώκειν
917 2681 960 2747 δι’
990 2682 1059 2766 ἐμέ,
1094 2682 1146 2766 ἐμὲ
1177 2685 1221 2763 δὲ,

159 2787 242 2874 είπερ
264 2785 422 2870 ἐξελέγχειν
444 2779 548 2866 ἔνάμιζ
544 2809 594 2864 εν,
622 2782 720 2850 αὐτὸν
740 2782 795 2850 οάκ
817 2781 854 2848 ὅν
877 2781 1049 2909 ἒγράφατο
1089 2785 1223 2852 Poterat

159 2890 216 2957 lric
247 2911 375 2975 quoque
407 2883 529 2952 scribi:
567 2883 603 2950 οὐ
624 2884 685 3010 yqip
716 2884 757 2950 ἀν
787 2883 905 2969 δήπου,
946 2885 1052 3006 ὅτεπεῳ
1082 2890 1221 2982 Κτησιφ.

166 2987 297 3056 δάνατιιι
318 2983 435 3054 διώκειν
456 3023 498 3038 -
507 2984 653 3070 ‚tpt’
619 3012 675 3052 ουκ
695 2984 862 3073 ἔγράψστα
904 2990 978 3054 Neo
998 2989 1097 3067 enirn,
1132 3011 1223 3073 φιααιι
1314 3013 1316 3017 ’

166 3093 393 3178 ctesiphontem
425 3111 573 3154 σοοιιεανο
601 3089 698 3175 possit
721 3102 851 3176 propter
872 3111 937 3169 me,
969 3113 1017 3154 me
1042 3091 1140 3175 ipsum
1160 3113 1245 3181 rum¹

166 3206 368 3259 σσουσσιιαυισ
386 3189 497 3272 fuisset
517 3203 577 3256 etc.

254 3293 291 3380 ξ.
313 3291 368 3359 47.
391 3317 416 3356 ιο
400 3282 616 3374 Ἀθηναῖοι.
644 3289 719 3358 Ηοο
739 3315 806 3358 nuo
832 3293 905 3358 loco
925 3291 1036 3358 lseeus
1057 3290 1222 3359 auditores

167 3419 244 3463 auos
265 3395 329 3460 hoc
357 3391 492 3458 nomine
519 3391 713 3480 alloquitur,
744 3392 826 3460 alias
847 3417 976 3511 semper
996 3419 1021 3458 ω
1005 3385 1150 3478 ἀνδρες
1168 3394 1223 3460 vcl

165 3490 192 3563 ὦ
221 3493 332 3582 ἀνδρες
352 3493 499 3559 δικασταί
522 3508 599 3579 aut,
627 3493 748 3581 pmissa
775 3493 1021 3584 interjectione,
1048 3491 1137 3579 ἀνδρ.
1164 3494 1223 3560 δικ.

251 3596 289 3684 ἦ.
310 3594 365 3662 48.
395 3593 459 3682 ὅσῳ
479 3591 538 3680 γὰρ
565 3591 605 3659 ἀν
624 3598 725 3659 ταῦτα
745 3593 879 3678 λέγοντες
898 3593 1094 3682 ἀποφαίνωσι
1111 3587 1164 3660 -’-·.
1185 3591 1224 3662 Si
1243 3681 1246 3690 1

166 3721 287 3788 sanum
316 3710 365 3763 est
386 3687 478 3762 xillud
508 3692 593 3782 ὅσῳ,
626 3686 837 3762 anacoluthia
871 3697 1029 3782 quaedam
1055 3692 1224 3764 statuenda

166 3813 234 3884 est,
257 3811 295 3863 nt
315 3798 382 3864 tale
402 3795 480 3884 qnid
501 3796 689 3888 scripturus!
703 3795 806 3886 luisse
825 3795 993 3865 videatur:
1021 3791 1085 3886 ὅσῳ
1104 3797 1164 3884 γὰρ
1185 3795 1245 3863 ἀν’

168 3897 365 3986 ἀποφαίνωσι·
378 3936 432 3980 -,
453 3895 592 3986 τοσοὸτῳ
611 3902 730 3992 μᾶλλον
750 3899 864 3964 ἐκείνου
885 3904 1115 3984 κατηγοροῦσιν.
1156 3896 1223 3967 Sed

169 4001 286 4068 malim
308 4014 417 4067 tamen
444 3997 477 4064 ἓν
498 3987 524 4086 ᾧ
545 3998 705 4084 rescribi,
732 4014 770 4065 ut
790 4000 872 4066 haec
893 3999 936 4067 eit
955 4008 1139 4068 structura:
1176 4001 1224 4064 lv-

170 4106 324 4185 θυμεΐσὸε
349 4097 418 4179 ὅτι,
453 4099 485 4166 ἓν
513 4089 539 4187 ᾧ
567 4097 607 4166 ἀν
633 4097 843 4188 ἀποφαίνουσιν
862 4139 920 4182 -,
951 4102 1063 4168 ἐκείνου
1092 4123 1225 4186 κατηγο-

173 4225 285 4288 ρουσιν.
861 4223 865 4230 ·

907 4279 1028 4368 ἰοι
