2952 4844
209 337 273 404 150
309 377 311 390 .
568 331 630 400 xl.
672 302 778 400 πται
811 336 909 444 τον

211 507 316 578 δεινῶς
346 500 500 587 πλεονεξίρ
528 496 742 584 μεμηχάνηται
772 495 947 580 διαβάλλων
977 498 1031 562 καί
1060 498 1134 576 τοῦς
1163 498 1280 584 νόμους

211 599 359 689 παράγων
388 602 441 666 καί
467 597 555 684 ῦμῶν
580 602 633 666 καὶ
660 601 737 685 έμοῦ
767 598 852 687 παρδι
874 598 910 666 τδ
933 599 1051 666 δίκαιον
1071 601 1282 686 περιγενέσθαι

213 709 327 789 ζητῶν,
348 699 436 785 οἶμαι
457 699 501 785 μά
523 699 595 778 τοῦς
613 701 707 778 θεοῦς
728 699 798 767 οὔδ’
821 699 904 785 ῦμάς
923 699 1051 787 ἀγνοεῖν,
1073 701 1144 768 ἀλλ’
1168 699 1283 786 ὁμοίως

213 806 324 872 εἰδέναι
354 803 489 882 πάντας,
528 801 606 868 ὥστ’
629 802 685 871 οῦκ
713 799 817 870 οἶδίλ
846 829 875 869 τι
896 805 946 870 δεῖ
961 805 1053 869 πλείω
1074 804 1142 890 περὶ
1162 801 1283 870 τοῦτων

166 911 206 966 37
214 907 318 991 λέγειν.
360 902 426 990 δρῶ
447 904 496 984 δέ,
525 895 551 968 ῶ
572 901 700 990 ἄνδρες,
721 903 778 989 τῆν
797 905 942 990 πλείστην
962 904 1123 991 διατριβὴν
1145 910 1207 970 τῶν
1228 903 1284 970 λό-

213 1033 276 1093 γων
306 1004 486 1090 ποιούμενον
517 1005 586 1090 περὶ
617 1005 675 1089 τῆν
701 1013 758 1072 τοῦ
786 1005 898 1082 παιδός
927 1005 1034 1072 υῦσίαν
1066 1008 1118 1072 καλ
1139 1007 1206 1092 περὶ
1226 1005 1284 1090 τῆν

102 1136 105 1142 ·
214 1109 308 1192 έμῆν,
333 1109 390 1174 καί
419 1106 458 1172 τδ
486 1106 543 1190 μὲν
572 1106 684 1173 ἐκείνου
704 1104 901 1172 παντάπασιν
928 1104 971 1182 ῶς
998 1105 1102 1191 ἄπορα
1124 1105 1284 1188 διεξιόντα,
1375 1119 1383 1136 “
1442 1115 1445 1124 ’

215 1212 284 1296 περὶ
315 1209 346 1274 δ’
378 1209 431 1292 ἐμὲ
459 1203 588 1272 πλοῦτόν
618 1232 689 1273 τινα
719 1213 765 1296 τῷ
792 1205 873 1296 λόγῳ
903 1206 1197 1289 κατασκευάσαντα,
1232 1210 1290 1274 καί

216 1336 286 1377 τινα
306 1312 416 1378 κακίαν
436 1314 685 1395 κατηγοροῦντα,
707 1305 750 1385 ῶς
770 1308 828 1394 ίγῶ
848 1307 1002 1393 τεττάρων
1024 1308 1124 1376 οῦσῶν
1144 1313 1289 1396 Στρατο-

218 1412 324 1487 κλέους
343 1411 525 1498 θυγατέρων
545 1409 667 1500 οῦδεμιῆ
693 1416 795 1494 τολμῶ
816 1417 1039 1496 συνευπορῆσαι
1059 1411 1203 1498 προικός,
1234 1413 1289 1477 καὶ

102 1519 128 1578 .“
172 1512 324 1584 38ταῦτ’,
341 1512 417 1595 ἔχων
444 1509 502 1598 (ῶς
528 1503 619 1588 οῦτός
640 1515 730 1600 φησι)
760 1511 799 1578 τά
821 1518 877 1578 τοῦ
898 1513 1032 1578 παιδίου.
1073 1511 1227 1596 βούλομαι
1247 1511 1289 1597 δῆ

220 1614 360 1700 καὶπερὶ
380 1611 498 1679 τοότων
519 1617 626 1679 εἶπεῖν·
664 1613 771 1692 ἐλπίζει
790 1613 850 1700 γάρ
871 1613 924 1679 διὰ
944 1620 1006 1680 τῶν
1027 1610 1125 1698 λόγων
1147 1605 1212 1696 έμοδ
1231 1613 1288 1696 μέν

220 1742 291 1782 τινα
312 1712 435 1804 φθόρον
454 1711 637 1800 γενῆσεοθαι
657 1713 738 1800 παρ’
770 1711 858 1799 ῦμῶν
878 1717 947 1801 περὶ
972 1719 1034 1780 τῶν
1055 1713 1291 1804 προσγεγενημέ-

56 1843 60 1854 ·
108 1877 114 1892 ,
222 1843 284 1882 νων
301 1815 493 1901 χρημάτων,
524 1826 589 1892 τοῖς
608 1816 644 1881 δέ
664 1818 768 1881 παισὶν
789 1815 891 1898 ἔλεον,
920 1815 959 1882 δν
986 1813 1095 1902 άποροι
1116 1815 1194 1901 παρ’
1209 1813 1290 1898 ’ῦμῖν

164 1955 168 1966 ·
223 1915 301 1984 εἶναι
321 1916 462 2008 δόξωσιν.
503 1916 612 2002 οῦκουν
641 1917 790 2002 άγνοῆσαι
810 1920 859 1983 δεῖ
875 1918 942 2004 περὶ
964 1915 1067 1981 αὐτῶν
1086 1913 1170 2000 ῦμῦς
1190 1917 1291 2000 οῦδὲν,

224 2005 299 2084 άλλ*
332 2017 468 2105 ἀκριβῶς
498 2020 550 2083 καλ
576 2024 678 2084 ταῦτα
706 2025 838 2100 μαθεῖν,
867 2018 912 2083 ἵν’
936 2017 1040 2102 εἰδῆθ’
1064 2017 1112 2084 ὅτι
1130 2017 1292 2104 ψεόδεται,

225 2119 329 2205 ῶσπερ
355 2121 408 2186 καὶ
435 2120 586 2206 περὶτῶν
615 2117 718 2185 ἄλλων
740 2116 896 2186 ἁπάντων.
939 2119 997 2206 έγῶ
1018 2119 1095 2207 γδρ,
1126 2111 1292 2208 ῶάνδρες,

226 2219 351 2287 πάντων
380 2221 441 2308 [άν]
470 2217 693 2304 ῦμολογῆσαιμι
721 2217 799 2286 εἶναι
825 2220 983 2301 κάκιστος,
1013 2224 1039 2286 εἰ
1065 2222 1293 2306 Στρατοκλέους

226 2320 332 2404 άπορα
362 2321 401 2386 τά
437 2319 606 2406 πράγματα
635 2321 860 2400 καταλιπόντος
887 2321 983 2398 αῦτδς
1011 2321 1140 2408 εῦπορος
1167 2321 1211 2388 ῶν
1241 2323 1295 2389 καὶ

226 2423 381 2507 μηδεμίαν
408 2423 578 2505 ἐπιμέλειαν
607 2421 781 2508 ποιούμενος
808 2426 975 2511 φαινοίμην
1002 2427 1072 2490 τῶν
1087 2424 1199 2490 ἐκείνου
1220 2425 1317 2492 παί-.

179 2526 220 2584 39
228 2526 303 2590 δων.
346 2526 372 2589 εί
392 2523 426 2588 δῦ
446 2525 570 2590 πλείονα
594 2525 752 2591 κατέλιπεν
774 2525 878 2602 αὐτοῖς
898 2525 937 2592 τά
960 2525 1036 2592 όντα
1057 2530 1119 2592 τῶν
1140 2525 1222 2608 ἐμῶν
1243 2527 1298 2591 καί

228 2622 413 2712 βεβαιότερα
419 2674 430 2707 ,
465 2627 516 2690 καλ
542 2615 643 2692 ταῦτα
674 2627 802 2694 τοσαῦτ’
831 2630 913 2694 ἐστὶν
940 2627 1092 2694 ὥστεκαὶ
1118 2626 1177 2702 τάς
1196 2633 1297 2713 θυγα-
1376 2702 1381 2708 ,

228 2727 321 2813 τέρας
345 2728 378 2805 έξ
404 2727 506 2794 αῦτῶν
535 2730 717 2812 διατεθῆναι
748 2735 850 2805 καλῶς
874 2731 928 2795 καλ
960 2727 1015 2794 τόν
1043 2729 1142 2793 παῖδα
1171 2728 1204 2794 ἔκ
1234 2734 1297 2795 τῶν

230 2833 345 2894 λοιπῶν
373 2830 471 2913 μηδὲν
500 2819 593 2912 ῆττον
619 2826 695 2894 εἶναι
721 2827 882 2911 πλοῦοιον,
909 2830 1111 2914 έπιμελοῦμαί
1133 2854 1166 2895 τε
1186 2835 1298 2898 τοῦτον

230 2928 286 2996 τόν
311 2927 427 3018 τρόπον
458 2928 559 2994 αῦτῶν
581 2929 659 2996 ῶστε
685 2933 752 3014 καλΙ
767 2937 870 3021 πολλῶ
892 2934 983 2998 πλείω
1004 2933 1146 3019 γενέσθαι
1165 2930 1223 3016 τῆν
1243 2929 1300 2998 οῦ.

232 3032 322 3113 αίαν,
348 3029 470 3107 είκότως
496 3029 552 3115 μέν
580 3029 635 3096 οῦκ
663 3032 702 3096 δν
730 3031 827 3116 ῆηοιμι
847 3035 989 3119 μέμψιν,
1021 3033 1110 3117 εἰμὴ
1137 3031 1299 3118 τάμαυτοῦ

233 3133 426 3218 προστίθημι
449 3129 718 3228 τοῦτοις,’σῶζωνΙ
742 3135 776 3199 δέ
802 3135 842 3201 τά
870 3133 997 3222 τοάτων1
1014 3138 1066 3201 καὶ
1091 3125 1185 3201 πλείω
1205 3139 1299 3204 ποιῶν

186 3235 360 3310 ίθδικαίως
388 3232 426 3299 δν
450 3233 643 3317 ,ἐπαινοίμην
695 3231 743 3304 ὅτι
772 3237 926 3304 δὲταῦτα
958 3236 1056 3312 οὕτως
1075 3235 1153 3318 ἔχει,
1186 3234 1301 3326 ῥηιδίως

271 3457 295 3523 γ.
314 3456 359 3523 36,
377 3457 405 3508 3.
423 3453 514 3510 δεινῶς
531 3453 668 3510 mmm,
687 3461 743 3512 ειη,
795 3443 834 3498 αδ
858 3459 902 3498 or.
923 3441 960 3498 δυ
981 3440 1092 3514 Pyrrh.
1119 3440 1185 3496 her.
1213 3438 1300 3508 μάλ.

795 3528 832 3583 de
853 3528 983 3598 Astyph.
1008 3527 1031 3596 ξ.
1054 3524 1081 3586 5·
1122 3524 1301 3595 Neutiquam

797 3613 877 3667 enim
893 3610 928 3667 in
944 3607 1026 3666 hunc
1042 3612 1141 3666 locum
1158 3608 1304 3676 convenit

271 3693 303 3743 3:
335 3685 467 3748 διεξιόντα
483 3720 518 3732 -
538 3692 748 3745 κατασκευάσαν-
797 3694 960 3768 Goetffingi
972 3693 1114 3751 iudicium
1128 3692 1303 3753 admisto&

223 3772 284 3850 ιτα]
320 3771 462 3832 διεξιόντος
486 3803 518 3816 -
540 3778 748 3832 κατασκευάσειν·
796 3779 886 3838 Polit.
904 3798 936 3852 p.
953 3781 1014 3836 ³50.

239 3877 288 3954 '⁵⁰⁹'
303 3856 342 3912 A·
359 3861 394 3912 B·
413 3863 447 3915 Z·
719 3934 721 3945 .
832 3903 855 3962 §.
881 3900 931 3968 39,
957 3901 984 3954 3.
1019 3899 1177 3963 διατεθῆναι
1199 3897 1303 3953 Reisk·

275 3977 303 4032 5.
321 3979 618 4049 κατηγοροῦνταΒυΙιΙε.
633 3997 747 4037 exem.
798 3999 841 4040 ex
858 3983 934 4038 coni.
953 3985 997 4038 St.
1016 3985 1146 4051 διαθῆκαι
1161 3983 1233 4039 Δλδ.
1258 3983 1303 4038 St.

128 4057 132 4066 “
243 4063 287 4117 St.
322 4067 531 4134 κατηγοροῦντος
555 4067 594 4122 Δ.
616 4068 650 4123 B·
668 4085 750 4133 κατη-
799 4069 935 4122 διαθεῖναι
949 4069 1047 4125 Bekk.

243 4145 391 4217 γοροῦντιιιν
409 4151 479 4208 Md.
498 4156 556 4205 etc·

273 3575 296 3641 ῆ.
316 3565 370 3642 37,Ι
386 3573 413 3624 1.
448 3571 501 3622 τῶν
526 3569 613 3639 λόγων
631 3590 692 3629 om.
709 3577 745 3630 Ζ.

835 4187 929 4257 Mo,
952 4191 978 4242 1.
1014 4185 1097 4246 οὕτως
1129 4187 1192 4254 ἔχει]
1227 4183 1306 4249 οὕτω,

207 4297 211 4308 ·
278 4267 302 4335 γ.
320 4267 374 4336 38,
399 4269 427 4325 8.
463 4265 495 4318 δν
513 4285 568 4341 ego
585 4268 693 4328 addidi.
713 4267 751 4328 cf.
802 4271 910 4332 omisso
927 4276 993 4342 ἔχει,
1018 4274 1091 4330 Ald.
1110 4280 1166 4328 etc.
1354 4265 1356 4273 ’
