2846 4832
334 335 399 409 ou
419 333 673 408 ιιιιιιιιιι
693 337 1024 452 assuuntur„
1143 337 1222 409 sos,
1306 321 1315 336 '

144 508 324 576 ποιοῦνιυιι
352 505 408 572 sed
430 506 540 573 minus
562 507 625 575 hoo
646 521 795 574 accurate
816 505 959 595 dictum,
991 508 1099 595 etqui
1120 507 1209 575 inter
1265 545 1267 550 ·
1303 525 1305 535 '

144 607 242 674 vivos
270 607 414 696 adoptati
446 608 561 688 erant,
591 607 689 674 sicuti
720 632 779 697 par
810 607 1036 696 διαμαρτυρίαν
1065 610 1209 676 aliorum
1244 599 1264 640 ·'

114 707 334 781 ,ἐπιδικασέας
365 708 559 775 submovere
585 722 736 798 poterant
764 708 825 797 (cf.
854 733 1000 797 prooem.
1031 708 1072 774 ad
1095 735 1143 780 or.
1168 711 1210 777 de

144 809 287 876 Menecl.
310 810 399 896 her.)
425 807 471 873 ita
492 808 580 897 ipsos
602 809 673 876 siue
694 810 866 897 ἐπιδικασία
885 833 945 899 per
965 809 1129 893 έμβατεέαν
1149 811 1210 876 he·

145 905 299 976 reditates
321 932 478 999 occupare
499 909 643 999 potuisse
665 909 805 976 ostendit
817 907 991 977 Demosth.
1014 927 1074 978 etr.
1088 910 1210 980 Leoch.

145 1036 179 1100 p.
206 1010 383 1090 1086,18:
420 1011 473 1074 καὶ
502 1007 695 1091 ένιβάιιυσεν
722 1007 820 1085 οὕτως
837 1013 890 1086 ἐἰς
921 1010 978 1094 τὴν
1006 1011 1130 1092 οάσέαν,
1168 1009 1212 1100 ὥς

146 1109 201 1178 ὑπ’
225 1111 339 1176 ἐκείνου
368 1113 480 1190 ζῶνδος
505 1110 548 1176 ἴτε
570 1111 765 1202 Ισι’σιιιιιηδεές.
785 1148 830 1160 -
850 1111 925 1177 Ηιισ
945 1111 1050 1197 igitur
1070 1113 1213 1199 pertinet

147 1212 246 1280 etiam
268 1212 353 1298 qnod
375 1212 522 1297 sequitur
542 1212 614 1297 πρέν
635 1236 665 1276 τι
684 1209 766 1294 ὑμᾶς
786 1212 1026 1296 ψηφίσασθαι·
1053 1227 1102 1278 est
1123 1213 1213 1292 enim

147 1313 236 1382 idem
263 1337 301 1379 aa
326 1313 357 1379 si
378 1311 516 1379 dixisset
543 1311 598 1378 οὐκ
627 1309 879 1396 ἐπιδικασάμενος
905 1313 985 1399 παρ’
1017 1310 1112 1396 ὑμῖν,
1149 1338 1213 1400 quo

148 1437 248 1482 sensu
269 1413 390 1480 dieitur
411 1413 510 1480 etiam
537 1413 597 1497 πρὸ
628 1415 663 1478 δέ
659 1409 715 1497 κηζ
735 1414 775 1479 de
796 1414 985 1500 Aristarch.
1007 1416 1079 1481 her.
1102 1420 1136 1494 §.
1158 1412 1213 1481 24.

233 1515 271 1603 5.
293 1514 326 1582 4.
358 1513 460 1599 ἰπειδὴ
492 1511 524 1603 δ’
554 1515 707 1599 ἐκομίσθη
738 1513 778 1612 τά
800 1512 888 1585 ὀστᾶ.
930 1515 1076 1601 Peregre
1097 1515 1217 1582 defun-

44 1695 56 1712 ·
150 1631 277 1684 ctorum
305 1640 379 1684 ossa
406 1640 444 1683 ao
466 1615 591 1683 cineras
619 1616 662 1682 in
676 1603 818 1712 patriam
840 1616 959 1683 referri
981 1616 1095 1683 solitos
1116 1638 1216 1705 supra

150 1713 296 1785 diximus
318 1696 358 1784 ad
380 1741 430 1786 or.
450 1716 644 1788 deNiaostr.
668 1699 740 1784 her.
764 1717 801 1805 5.
815 1719 870 1802 26,
880 1733 1070 1804 notumque
1092 1731 1141 1783 est
1159 1719 1216 1784 vel

150 1819 274 1903 exiis,
304 1841 385 1907 quae
413 1818 453 1885 de
474 1818 607 1914 publico
637 1819 783 1886 militum
808 1765 924 1885 furiare
954 1819 1111 1906 leguntur
1130 1811 1218 1906 apud

151 1920 385 2012 Thucydidem
405 1917 442 1988 ll
470 1945 499 1987 ο.
522 1919 576 1986 34.
598 1920 687 1990 Add.
715 1919 937 1989 Kirchmanu.
962 1921 1002 1986 de
1031 1919 1126 1986 sunu.
1149 1916 1216 2004 lli,
1319 1933 1323 1941 '

150 2028 183 2091 7.
229 2021 357 2105 Quodsi
379 2021 451 2109 quis
473 2021 511 2087 iu
531 2021 655 2089 vicinia
676 2020 801 2112 patriae
827 2020 982 2106 obiisset,
1012 2020 1111 2088 etiam
1132 2019 1217 2086 inte·

152 2145 248 2210 grum
262 2146 432 2209 corpuseo
448 2121 610 2212 reportari
625 2122 767 2205 solebat3
790 2147 854 2209 quo
865 2123 1008 2214 pertinet
1019 2146 1071 2212 ap.
1084 2120 1217 2189 Platon.
1244 2165 1257 2217 ·.
1315 2165 1317 2169 ν
1352 2181 1357 2192 .

46 2283 49 2288 .
152 2225 293 2292 Theaet.
315 2224 389 2290 init.
406 2223 601 2314 Terpsionis
621 2222 858 2310 interrogatio,·
888 2225 944 2311 qui
966 2245 1067 2311 quum
1085 2222 1219 2289 Theae-

152 2341 255 2393 tetum
284 2323 448 2392 Corintho
485 2325 526 2390 ab
539 2367 547 2384 ι
562 2316 710 2389 exercitii
739 2324 888 2390 Athenas
925 2326 1067 2400 relatum
1095 2322 1218 2408 audiat,

127 2428 361 2510 'mortuumne,
388 2423 514 2518 iuquit,
543 2449 586 2490 αιι
605 2423 728 2490 vivum?
754 2461 799 2476 —-
827 2423 881 2489 Da
901 2424 1047 2509 προθέσει
1067 2424 1154 2491 conf.
1178 2424 1218 2490 ad
1339 2498 1348 2504 ¹

154 2529 267 2615 onlde
286 2528 427 2595 Meneol.
450 2520 522 2600 hser.
545 2525 582 2613 5.
600 2527 653 2591 37.
676 2524 901 2620 Kirehmsnn.
922 2509 1084 2610 1,.12,'et
1105 2524 1145 2589 de
1165 2548 1220 2590 re·

152 2629 253 2717 liquis
274 2627 482 2718 νομιζομένοις
500 2613 543 2691 ⁴ad
566 2626 662 2694 eund.
680 2649 729 2692 or.
748 2625 796 2695 ib.
819 2639 851 2690 et
871 2625 909 2713 5.
922 2624 977 2712 46.
999 2661 1043 2674 -
1064 2622 1220 2691 Getarum

155 2744 290 2819 apparet
311 2731 476 2818 privatum
496 2727 671 2821 Astyphili
692 2729 808 2813 sunus,
831 2737 898 2792 non
918 2723 1087 2814 publicum
1106 2725 1221 2811 fuisse,

154 2833 233 2899 licet
253 2831 401 2911 militaus
423 2830 554 2897 obierit.
598 2828 707 2918 Igitur
728 2843 784 2895 aut
804 2827 928 2913 nonin
945 2825 1071 2918 proelio
1093 2825 1221 2905 caudit,

155 2947 213 3000 aut
233 2957 301 3000 non
324 2955 438 3000 omues
452 2953 611 3020 semper,
632 2929 689 3019 qui
706 2929 753 2997 ita
770 2928 979 3016 cecidissent,
1005 2926 1136 3060 publice
1156 2925 1222 2992 uti·

157 3058 218 3121 que
240 3033 376 3124 sepeliri
397 3035 1139 3123 oportebat..

241 3134 289 3200 ὅτι
309 3133 474 3214 ἀσπάζοιτο
497 3134 592 3202 αάτδν
607 3123 799 3220 Ἀστύφιλος.
840 3127 1042 3198 Nimirum''
1022 3153 1087 3194 εστι
1106 3153 1153 3206 τις
1173 3126 1226 3194 ott-¹
1299 3162 1304 3170 ·

158 3242 283 3320 σθησις
301 3245 366 3310 τοϊς
393 3236 455 3301 ἐκεῖ
477 3239 545 3322 περὶ
572 3241 634 3302 τῶν
660 3232 772 3300 ἐνθάδε
800 3232 965 3319 γινομένων
996 3230 1199 3323 (Lycurg.
1186 3256 1224 3297 ιιι

157 3337 274 3404 Leoor.
299 3359 330 3402 a.
353 3335 407 3404 35.
430 3338 472 3404 ci.
488 3337 602 3410 Wolt.
623 3338 664 3405 ad
686 3336 862 3404 Demosth.
884 3332 1015 3423 Leptin.
1037 3359 1071 3422 p.
1093 3333 1170 3420 305)
1194 3347 1226 3400 et

160 3440 257 3505 durat
278 3436 378 3505 etiam
398 3437 607 3506 inmanibus
624 3439 746 3506 amoris
768 3436 899 3522 odiique
920 3457 1053 3520 sensus,
1083 3447 1121 3500 ut
1140 3435 1226 3502 alio-

93 3557 97 3568 ·
162 3564 239 3606 rum
260 3523 352 3605 aditui
373 3537 413 3604 ad
435 3542 621 3629 sepulcrum
634 3567 730 3609 snum
745 3538 927 3623 oblatisque
940 3535 1122 3607 honoribus
1143 3561 1225 3624 gau·
1258 3579 1264 3586 -

149 3637 281 3727 ideam,
314 3639 397 3706 alios
418 3662 461 3705 ne
482 3642 634 3710 accedere
656 3644 788 3731 quidem
809 3665 847 3707 eo
868 3636 986 3707 velint.
1028 3635 1104 3703 Ηιιο
1124 3638 1227 3726 perti-

161 3756 219 3809 net
240 3741 325 3828 quod
348 3740 488 3829 legimus
511 3742 548 3830 5.
572 3744 630 3812 19·
656 3742 858 3831 Εὐθυκράτης
878 3739 1031 3823 ἐπέσκηψε
1052 3743 1116 3814 τοις
1137 3740 1227 3818 οῖιιεέ-

162 3866 208 3919 οις
227 3842 348 3964 μηδένα
369 3842 443 3909 ποτέ
465 3840 563 3908 ἐάσειν
584 3846 685 3910 έλθειν
705 3850 768 3911 τῶν
792 3839 972 3911 Θουδέιινιον
994 3837 1096 3904 tut
1063 3861 1098 3905 το
1118 3845 1227 3938 μνῆμα
1348 3911 1350 3916 ,

163 3944 199 4009 τὸ
222 3941 353 4024 ἑαυτοῦ,
392 3944 575 4035 cujusmodi
596 3945 772 4030 ἐπισκήψεις
799 3968 865 4011 uon
886 3964 1009 4032 paucae
1030 3956 1144 4008 extant
1165 3929 1229 4008 ho-

166 4044 332 4132 dieque
304 4045 407 4135 cippis
426 4045 616 4137 inscriptae.
660 4046 757 4116 Gens.
775 4044 949 4114 Petrettini
969 4042 1084 4134 Papiri
1101 4042 1229 4128 Grego-

161 4145 319 4326 ‘Egizioic
339 4147 586 4335 έιῗιιηδεέους-
605 4255 668 4319 τῶν
699 4246 869 4338 παρόντων.
926 4247 974 4317 Η.
996 4265 1025 4314 e.
1047 4266 1093 4310 ex
1119 4246 1158 4315 ἰιζι
1177 4272 1256 4336 ραι.
