2910 4830
125 269 128 292 '
234 391 235 398 Ν
271 295 336 365 ιιι
356 291 739 366 ιιιιιοιιιιιιοιιιι
760 269 1079 380 ιιιιιιιιιιιιιι.
1155 318 1220 388 ιιι

148 467 236 539 Nem
258 462 528 544 Chaerestratus,
556 486 657 552 quum
677 460 761 534 baec
782 469 889 536 oratio
910 471 1106 564 baberetur,
1137 484 1217 551 ado·
1239 473 1246 482 ⁴

146 571 275 638 lescens
296 567 405 634 adhuc
424 565 488 632 tuit
506 566 595 652 (vid.
618 566 655 654 ᾗ.
678 565 779 666 60),
776 589 882 658 neque
902 571 1014 660 igitur
1027 579 1134 667 potuit
1154 607 1217 651 ex-

87 739 94 750 ,
146 668 312 762 peditioni
333 673 408 736 ante
431 667 512 734 duos
534 682 566 736 et
587 667 827 758 quinquaginta
848 697 953 744 annos
975 696 1142 772 susceptae
1162 683 1218 782 in·

148 789 281 868 teresse.
323 769 375 838 Ac
401 761 444 835 ne
466 770 538 856 quis
559 773 705 838 veterem
731 773 907 844 lectionem
928 776 1188 865 Μιιὲσριιτος
1157 809 1218 854 ve-

147 893 221 946 ram
251 895 321 942 sese
350 883 382 940 et
413 871 557 958 aliquem
584 871 649 938 boc
668 872 812 968 nomine
831 877 1052 967 propinquum
1074 881 1219 956 Chaere·

147 975 244 1050 strati
271 972 439 1062 designari
465 973 596 1058 credat,
626 972 719 1062 cujus
740 975 788 1056 is,
817 977 874 1065 qui
902 981 1085 1051 orationem
1093 986 1217 1082 babet,

147 1094 225 1150 unte
245 1077 288 1144 52
308 1098 410 1144 ennos
433 1098 541 1143 comes
562 1075 683 1143 fuerit:
711 1075 859 1166 primum
880 1080 967 1148 bic
956 1069 1219 1178 rpseMeirestra·

145 1196 200 1261 tna
223 1159 296 1270 quis
318 1192 402 1244 esset
421 1173 564 1243 indicari
585 1176 674 1242 hand
695 1178 794 1246 dubie
820 1179 984 1274 judicibus
1007 1184 1132 1258 debuit.
1140 1191 1219 1280 qui

147 1283 239 1352 enim
260 1294 394 1350 nossent
415 1265 602 1364 hominem,
637 1276 730 1371 cujus
752 1281 815 1347 hoc
846 1305 912 1349 ιιιιο
941 1273 1014 1352 loco
1035 1311 1142 1379 pieque
1162 1317 1219 1359 us·

147 1407 247 1474 quam
278 1395 447 1472 praeterea
472 1403 534 1470 per
556 1394 659 1446 totam
688 1381 872 1449 orationem
893 1384 1018 1452 mentio
1045 1391 1115 1464 fist.
1143 1392 1219 1458 dein
1307 1409 1310 1417 ·
1339 1379 1342 1386 ’

147 1483 328 1554 absurdum
347 1482 433 1547 foret
455 1504 473 1546 c
495 1480 556 1547 tali
577 1505 613 1547 re
629 1506 667 1547 ec
688 1497 756 1550 tam
778 1484 892 1551 multis
914 1500 991 1552 ante
1011 1488 1106 1584 annis
1128 1509 1219 1580 gesta

145 1591 381 1674 argumentum
411 1582 515 1674 repeti
547 1582 712 1650 amicitiae
741 1585 830 1653 inter
862 1584 1035 1690 συνήγορον
1068 1614 1219 1681 eumque,

145 1705 244 1774 quem
256 1683 428 1770 defendit,
465 1684 726 1772 adolescentem,
762 1686 819 1774 qui
840 1677 985 1775 quidem
996 1702 1074 1758 tunc
1094 1717 1137 1784 ne
1158 1719 1221 1762 na·

146 1803 199 1855 tus
227 1785 361 1874 quidem
388 1801 473 1853 erat:
508 1801 544 1853 nt
574 1802 700 1854 taceam
727 1781 849 1870 launo
836 1814 947 1879 speum
975 1790 1162 1881 συνήγορον,
1189 1797 1220 1864 si

144 1888 280 1978 quidem
308 1887 400 1955 illius
421 1890 482 1956 sub
503 1888 698 1958 Arimnesto
719 1890 940 1980 expeditionis
960 1894 1124 1986 particeps
1144 1898 1219 1964 fue·
1320 1965 1327 1974 ,

144 1985 211 2079 rit,
239 2013 325 2058 nunc
346 1991 421 2079 plus
443 2014 543 2079 quam
564 1993 852 2082 septuageuprinm
873 2018 943 2061 esse
965 2013 1134 2088 oportere,
1164 2000 1220 2067 cui
1247 2061 1249 2070 ,

145 2092 246 2162 aetati
274 2091 359 2160 illud
380 2093 566 2180 συνηγορίας
593 2095 797 2162 officium
763 2119 826 2162 vax
847 2095 1025 2166 convenire
1052 2099 1217 2170 videatur.
1286 2099 1295 2114 ’

143 2193 261 2282 Itaque
289 2209 346 2262 aut
378 2193 480 2263 altam
507 2197 696 2314 quampiam
732 2196 977 2286 expeditionem
1007 2191 1219 2270 Siciliensem

144 2295 289 2384 intelligi
301 2310 459 2414 ⁰oportet,
488 2313 564 2382 aut,
597 2322 634 2364 st
617 2298 778 2364 nullum
799 2317 872 2388 post
892 2300 1020 2368 cladem
1040 2301 1136 2402 illam
1156 2305 1219 2371 Ni·

146 2396 278 2466 cianem
298 2396 335 2462 in
357 2389 473 2464 Sicilie
502 2399 627 2466 bellum
649 2401 689 2464 eb
711 2397 973 2468 Atheniensibus
996 2392 1126 2488 gestem
1148 2429 1218 2492 esse
1257 2465 1259 2468 .

36 2541 41 2554 -
146 2513 296 2582 constet,
332 2498 442 2566 nescio
472 2522 552 2566 sane
582 2499 661 2588 quid
687 2500 876 2566 laciendum
906 2501 960 2570 sit.
976 2501 1105 2584 Nam
1131 2489 1218 2576 illud
1287 2517 1290 2527 '

146 2601 281 2692 quidem
313 2600 376 2670 vix
402 2601 537 2692 impune
564 2601 649 2668 nlihi
679 2598 847 2669 abiturum
869 2626 938 2669 esse
959 2627 1079 2694 spero,
1102 2605 1132 2674 si
1153 2597 1218 2675 lioc

147 2707 190 2780 etc
216 2703 358 2770 Σικελίαν
385 2727 522 2795 prorsus
554 2703 845 2772 exterminandum
866 2695 1041 2792 dixerim,
1073 2721 1110 2772 nt
1138 2731 1218 2801 pro·

144 2807 267 2874 sectum
296 2806 488 2893 abaliquo,
529 2807 585 2894 qui
606 2807 711 2894 magis
735 2805 890 2874 disertam
920 2805 1012 2874 illius
1033 2807 1219 2899 expeditio·-

141 2908 198 2980 nis
221 2908 481 2998 designationem
502 2909 672 2996 requirens
678 2957 689 2994 ,
711 2933 813 2996 quum
826 2905 940 3000 paullo
961 2908 1049 2978 infra
1062 2907 1219 2979 Sicilien·
1316 2991 1320 3000 Ι

145 3023 234 3078 sem·
251 3010 504 3088 commemorari
531 3011 676 3096 videret,
721 2999 807 3077 hanc
828 3012 928 3094 etiam
948 3012 1012 3078 hoo
1033 3014 1107 3081 loco
1122 3009 1218 3080 desi·
1260 2999 1264 3006 ⁴

145 3110 246 3200 gnari
258 3111 408 3201 opinatus
422 3115 526 3181 verba
540 3113 603 3180 ista
626 3115 667 3190 εἷς
681 3114 820 3196 Σικελίαν
833 3112 980 3202 margini
994 3113 1217 3206 adscripserit,

144 3214 234 3282 unde
259 3229 332 3304 post
360 3238 380 3280 a
400 3215 548 3286 librariis
580 3217 618 3284 in
638 3215 748 3307 ipsum
770 3214 929 3283 orationis
950 3231 1141 3283 contextum
1162 3241 1219 3283 re·

145 3330 239 3406 cepta
270 3315 348 3384 sint.
400 3316 521 3388 Talem
541 3317 662 3388 veteris
676 3311 823 3410 ¹alicujus
850 3317 983 3384 lectoris
1007 3341 1153 3388 errorem
1174 3343 1217 3388 ne

134 3416 220 3505 -quis
249 3441 385 3509 prorsus
411 3419 642 3490 incredibilem
667 3408 799 3490 'censeat
819 3417 956 3488 Reiskii
978 3418 1018 3485 ad
1040 3421 1077 3487 h.
1106 3421 1132 3487 l.
1155 3445 1216 3487 anf·

145 3519 271 3585 notatio
294 3518 474 3606 laciet,
446 3546 517 3590 s1ve
545 3548 584 3620 ea
605 3520 760 3615 Taylori
773 3537 838 3590 est:
878 3568 902 3607 „
910 3535 1043 3588 ceterum
1064 3511 1174 3590 exit.
1190 3524 1214 3590 l.
1289 3565 1291 3571 ι

145 3633 268 3688 conset
297 3623 380 3688 boec
411 3647 538 3693 cocceam
565 3639 688 3692 metente
717 3627 797 3691 bello
817 3624 1098 3720 Peloponnesiaco,
1129 3624 1219 3690 taint

107 3783 110 3792 ,
145 3725 244 3796 multo
266 3736 338 3812 post
368 3727 531 3796 clodem'
516 3753 550 3793 ιιι
579 3729 697 3794 Sicilia
728 3741 905 3822 occeptum,
940 3740 1045 3794 cctam
1064 3721 1189 3812 ιι6ιιὶιιιζ
1191 3731 1216 3768 “

145 3823 234 3922 Ipsis
262 3841 372 3896 entem
393 3829 535 3898 oratoris
557 3829 794 3918 ¹auditoribus'
783 3845 881 3898 istam
904 3827 1129 3896 Chaerestreti
1155 3852 1216 3906 ιιι-

145 3913 369 4022 peditionem,
406 3947 518 4024 utpote
551 3947 715 4000 recentem
742 3932 830 4002 haud
863 3931 961 3998 dubie
989 3944 1022 3998 et
1050 3929 1216 4028 plerisque

146 4041 283 4122 notam,
312 4029 466 4106 disertius
487 4034 655 4126 designati
674 4033 799 4102 haud
785 4058 865 4127 opus
885 4033 970 4201 ιιιιὲ.1

778 4161 781 4174 ⁴
954 4175 977 4184 Ἴ.
996 4141 1011 4174 ᾖ
1095 4137 1098 4146 .
