2846 4832
354 360 417 432 DE
439 358 627 464 0115οΜ6·
641 359 958 438 HEREDITATE.
1122 365 1187 434 395
1278 435 1280 440 ,

127 531 278 618 exempla
297 528 368 600 vid.
396 553 448 645 ap.
471 529 685 596 Matthiaeum
706 553 756 616 gr.
780 529 838 597 Gr.
861 552 895 616 p.
918 527 992 598 650.
1015 527 1184 600 Scbaeier.

59 661 65 674 ·
125 631 285 756 Apparet.
315 629 388 696 erit.
416 629 452 694 in
479 629 653 708 Demostb.
681 628 777 726 llp.
799 631 874 699 209.
903 633 978 697 232.
1000 629 1075 698 400.
1119 629 1185 700 Sed

1 807 2 812 η
57 729 61 734 ’
126 721 171 798 ὧν
192 731 277 795 ἕνεκα
298 723 397 795 τᾶλλα
417 730 547 814 γίγνεται
566 755 685 799 vereor
704 746 741 796 nt
760 755 877 798 sanum
897 731 951 799 sit.
993 729 1082 797 Nam
1099 735 1185 818 quod

125 831 283 898 Rersksns
306 831 371 898 art
402 823 545 911 τᾶλλα,
575 833 677 897 adest
697 831 740 896 τα
764 831 992 914 σομπαντα
1020 845 1088 898 tota
1107 835 1189 900 haec

125 935 332 1000 οοιιτνοοινοία
353 971 396 982 —-
425 933 505 998 haee
534 955 597 1019 qna
626 933 756 1012 ratione
787 924 885 996 τᾶλλα
912 932 1055 1017 dicatur,
1087 957 1188 1004 nemo

125 1034 261 1101 dixerit.
284 1032 504 1126 Scribendnm
518 1032 630 1118 ntique
641 1056 756 1098 censeo
773 1026 816 1111 ὧν
831 1033 916 1099 ἕνεκα
928 1039 1028 1100 ταῦτα
1043 1036 1186 1120 γίγνεται.

137 1178 147 1186 -
210 1133 246 1222 §.
269 1133 322 1202 35.
353 1133 500 1219 Exponit
525 1154 614 1199 nnnc
642 1149 749 1218 actor,
789 1150 946 1222 qnantum
973 1136 1186 1224 honorum'a

125 1233 248 1302 (lirone
270 1228 421 1304 relictum
443 1235 501 1319 sit,
523 1257 663 1321 qnorum
684 1234 1184 1324 potiundorum‘speDioolern,
1246 1235 1248 1240 ’

125 1337 181 1424 qui
202 1339 356 1426 pleraque
376 1335 445 1419 jam
465 1360 551 1400 nunc
579 1336 616 1400 in
636 1350 828 1425 potestatem
849 1337 987 1420 habeat,
1015 1337 1100 1402 hanc
1121 1337 1186 1403 sibi

30 1463 37 1469 ·
123 1437 219 1524 litem
246 1437 404 1502 excitasse
435 1437 646 1503 demonstrat.
689 1437 893 1524 Reliqnerat'
907 1453 1016 1503 autem
1035 1437 1094 1504 ille
1114 1438 1185 1525 pri·

67 1609 76 1620 ,
124 1564 217 1608 mum
237 1538 410 1625 praedium
430 1539 466 1603 in
481 1537 700 1629 Phlyensinm
717 1561 801 1626 pago
822 1535 1049 1602 salustriacus
1072 1535 1186 1625 ῥᾳδίως

125 1637 222 1716 ἄξιον.
267 1637 334 1704 Καί
357 1638 557 1706 intensivum
584 1631 825 1728 esse'apparess
852 1652 890 1704 ut
912 1639 951 1704 de
972 1638 1183 1728 Apeltber.

126 1740 163 1829 ξ,
193 1742 235 1808 19
264 1738 370 1814 οὐσίας
404 1740 456 1803 καλ
482 1737 741 1822 ιιιντιταλάντονς
775 1754 809 1806 et
835 1739 913 1807 satis
945 1742 1109 1830 amplum,
1145 1755 1183 1808 ut

125 1849 186 1930 pro
206 1841 459 1908 Atheniensium
484 1841 638 1925 modulo,
669 1840 840 1930 praedium
865 1840 967 1908 fnisse
987 1833 1186 1926 intelligitur
1251 1865 1252 1870 ¹

126 1967 170 2010 ex
189 1943 251 2023 iis,
286 1944 430 2028 quaeda
457 1959 613 2029 agrorum
639 1942 754 2032 pretiis
783 1942 951 2027 congessit
963 1942 1019 2010 vir
1038 1965 1184 2008 summus

125 2045 166 2110 de
182 2068 300 2110 oecon.
328 2068 357 2111 r.
385 2069 419 2133 p.
441 2043 527 2110 A.1
554 2068 587 2132 p.
610 2045 653 2110 67
674 2067 743 2130 sqq.
786 2043 873 2110 Nam
887 2044 922 2110 ‘si
943 2043 1041 2110 unius
1062 2043 1185 2134 pl‘ethri

125 2147 266 2234 pretium
289 2145 523 2232 qninquaginta
544 2146 614 2210 scre
626 2145 868 2212 'drachmarum
888 2145 989 2212 fuisse
1010 2143 1185 2228 statuatur,

125 2248 214 2312 hnne'
227 2244 384 2312 Cironis
380 2268 497 2333 agrum
518 2261 649 2310 centum
671 2261 702 2310 et
723 2245 843 2332 viginti
858 2247 1064 2362 plethrornm
1084 2239 1185 2313 fuisse

126 2348 308 2437 oportetb.
331 2371 360 2414 e.
390 2345 542 2435 jugerum
562 2344 715 2431 Magdeb.
739 2347 870 2412 circiter
890 2347 1031 2433 quinque
1053 2362 1085 2411 et
1104 2371 1185 2434 qua·

126 2449 288 2539 draginta.
331 2447 442 2537 Phlya
463 2461 571 2512 autem
591 2469 695 2536 pagus
715 2446 780 2512 fnit
800 2445 906 2512 tribus
928 2435 1130 2535 Cecropidis.
1142 2485 1186 2498 --

124 2548 231 2617 Porro
246 2549 360 2616 domus
376 2549 481 2619 duas'
470 2572 506 2612 ιιι
522 2547 615 2631 urbe,
637 2548 775 2612 alteram
788 2551 1065 2636 μισθοφοροῦσαν,
1088 2571 1186 2633 quam

126 2653 253 2718 elocare
282 2650 428 2735 solebat,
463 2648 550 2714 unde
579 2645 695 2731 μισθός
723 2649 760 2719 h.
793 2672 823 2716 e.
855 2647 1017 2714 locarium
1044 2648 1184 2732 redibat,
1225 2723 1228 2728 ,

126 2749 282 2835 alteram',
311 2751 348 2816 in
370 2774 433 2837 qua
460 2750 530 2837 ipse
558 2749 739 2822 habitabat.
782 2737 910 2816 Prioris
930 2749 1022 2815 illius
1042 2749 1186 2836 pretium

127 2869 196 2920 erat
216 2852 446 2918 drachmarum
466 2851 518 2917 bis
538 2851 648 2933 mille3
680 2851 726 2917 ita
752 2851 840 2917 enim
861 2850 979 2916 illud'
967 2865 1186 2940 interpretas

126 2955 205 3020 dum
234 2969 281 3024 est
310 2953 458 3036 δισχιλίας
489 2948 707 3054 εὖρίσκοιισαν,
745 2953 785 3020 de
810 2952 935 3043 pretio,
978 2976 1043 3039 quo
1070 2953 1186 3020 venire

125 3070 270 3147 poterat,
301 3078 369 3121 non
391 3055 431 3120 de
451 3038 575 3121 locario
602 3077 730 3136 annn03
731 3053 792 3119 id
814 3055 912 3141 qnod
920 3054 1100 3142 intelliget,
1123 3053 1186 3140 qni

127 3156 302 3222 contulerit
327 3179 409 3243 quae
439 3157 479 3223 de
499 3155 614 3245 pretiis
634 3155 842 3243 praediorum
862 3156 1065 3221 urbanorum
1087 3157 1186 3222 habet

125 3257 315 3324 Boeckhins
341 3258 367 3326 l.
394 3259 420 3324 l.
449 3284 483 3348 p.
474 3260 559 3326 ,72.
609 3256 667 3324 Et
680 3257 721 3323 de
748 3258 811 3324 hoc
837 3281 900 3323 usu
919 3257 1014 3324 verbi
1037 3253 1092 3342 adq
1094 3257 1185 3322 iusto

125 3359 195 3427 vid.
217 3358 365 3427 Dorvill.
392 3359 432 3424 ed
456 3359 583 3428 Gbarit.
610 3384 644 3478 p.
667 3359 742 3427 268.
772 3361 814 3428 es.
844 3359 884 3454 de
892 3356 1018 3477 ldagn.
1044 3361 1117 3425 her.
1149 3365 1183 3440 q.

125 3458 180 3531 49.
232 3458 285 3525 De
310 3457 433 3528 Bacchi
461 3461 624 3551 templo
612 3486 648 3526 ιιι
673 3461 822 3546 Limnis‚
858 3460 911 3526 cni
941 3460 1023 3525 haec
1052 3457 1185 3528 Gironis

125 3560 234 3625 insula
249 3559 431 3650 propinqua
449 3557 551 3628 inisse
569 3563 708 3643 dicitur,
729 3563 799 3632 vid.
814 3563 957 3652 interpp.
974 3561 1015 3626 ad
1026 3559 1184 3652 Thucyd

125 3660 162 3728 ll
182 3684 252 3750 cap.
276 3662 318 3727 15
346 3674 378 3726 et
398 3659 546 3738 Boeckh.
570 3665 609 3729 de
631 3663 769 3730 Lenaeis
798 3676 859 3730 etc.
849 3687 915 3752 .p.
937 3667 980 3729 70
1000 3687 1049 3750 sq.
1094 3662 1186 3729 cira·
1254 3687 1256 3704 ⁴

126 3777 181 3827 tur
202 3775 310 3827 antem
338 3761 393 3828 hie
419 3763 511 3829 lo'cus
526 3760 582 3830 ab
604 3763 912 3858 Harpocrationes.
934 3790 969 3832 v.
992 3765 1024 3829 ἐν
1038 3767 1186 3848 Λίμναις

127 3857 299 3942 Διόνυσον,
329 3864 388 3930 ubi
414 3879 523 3930 tamen
554 3865 636 3931 olim
656 3866 820 3934 Διονύσιον
847 3867 1003 3957 scriptum
1023 3867 1185 3935 fuisseti-

128 3965 201 4029 dem
224 3965 302 4029 facit
323 3961 446 4031 Suidae
465 3968 557 4032 locus
578 3990 622 4036 ex
641 3967 702 4033 illo
713 3970 983 4058 Q-desnmptns.
1003 3969 1092 4036 Dein
1113 3983 1186 4060 post
1246 3983 1251 4010 ¹

128 4061 307 4151 ανδράιιοδα
327 4072 584 4153 μισθοφοροῦντα
604 4091 777 4136 numerum
799 4071 960 4138 excidisse
981 4082 1132 4160 apperet3
1147 4083 1185 4135 et

128 4165 254 4232 notavit
274 4167 336 4233 hoc
363 4167 431 4259 jans
451 4167 638 4238 Bekkertts.
681 4168 767 4248 Sunt
787 4173 897 4242 antem
918 4171 1008 4240 servi
1026 4177 1185 4257 prodoqc·
1227 4219 1228 4222 ,

129 4273 252 4352 ροῦντις
277 4270 397 4360 partim
422 4265 579 4366 'opificem
613 4271 668 4364 qni
699 4273 889 4368 pensionem
909 4272 1072 4360 quandam
1092 4271 1184 4340 statis
1290 4303 1298 4344 ,τ
