2846 4832
84 383 129 454 lll
153 382 302 452 ORATa
317 381 380 450 llll
395 377 703 452 aposcononl
725 379 1045 454 HEREDITATE.
1066 401 1068 406 '
1087 387 1151 456 353

85 555 171 621 inter
185 553 285 620 illum
295 539 397 638 'atquc
413 549 656 618 Archidamum
675 574 789 619 causas
808 540 1031 621 intercessisse
1044 554 1166 641 docet‚'

44 699 46 706 π
89 655 228 723 narratis
254 654 297 734 iis
325 654 443 738 rebus,
473 677 556 739 quae
571 641 605 718 'a
625 653 722 720 nobis
743 654 841 721 modo
863 655 1031 742 expositae
1052 671 1146 740 sunt;
1186 704 1192 714 -

86 780 191 844 neque
210 755 423 822 imminutum
444 768 556 842 postea
571 755 628 821 vel
648 754 769 820 odium*
781 755 866 822 illud
887 758 943 825 vel
964 756 1049 823 hanc
1070 782 1148 845 gra·

87 858 164 924 tiam
186 879 256 924 esse
277 854 545 928 manifestissime
568 855 781 923 demonstrat.
811 885 814 896 ·
838 856 927 923 Dein
958 859 1148 945 adoptatum
1210 897 1214 912 ·

87 983 120 1026 sc
140 982 209 1025 non
237 981 297 1049 per
317 970 566 1040 testamentum,
604 956 690 1043 quod
713 956 786 1044 quis
808 957 1012 1046 suppositum
1033 959 1148 1026 erimi-

86 1061 161 1127 nari
189 1059 292 1149 possit
299 1105 326 1138 ,-
350 1058 411 1124 sed·
435 1052 477 1123 ab
505 1058 579 1144 ipso
599 1051 808 1145 Apollodoro
837 1058 915 1125 viro
945 1081 983 1124 ac
1010 1060 1147 1129 sanein
1198 1117 1203 1126 .

87 1177 217 1248 gentem
245 1184 283 1227 ac
311 1157 493 1250 phratriam
520 1159 745 1225 introductum
772 1181 859 1243 esse,
895 1160 1091 1252 phratorum
1110 1185 1149 1229 ac
1270 1183 1272 1190 ·

87 1261 260 1351 gentilium
285 1259 473 1328 testimonio
501 1262 629 1346 probat.
678 1261 790 1347 Atque
820 1260 921 1327 etiam
949 1261 1149 1353 Thrasybu·
1207 1289 1210 1294 ’
1274 1319 1278 1327 f
1394 1281 1395 1288 ¹

86 1367 186 1447 lump
201 1361 367 1428 exaltera
382 1359 564 1451 Eupolidis
575 1361 644 1427 filia
666 1377 800 1446 natum,
826 1361 1027 1451 Apollodori
1046 1363 1150 1452 igitur

51 1498 54 1504 ·
88 1463 295 1546 ἀνεψιαὸοὗν,
324 1461 381 1549 qui
407 1460 547 1528 meliore
577 1462 677 1528 ctiam
698 1486 797 1556 quam
817 1463 1008 1530 adversaria
1027 1488 1149 1552 cogna-
1188 1483 1194 1492 ’

87 1553 185 1633 tionis
201 1564 281 1657 jure.
293 1562 518 1629 hereditatem.
532 1579 643 1651 petere
660 1577 769 1650 posset
775 1563 879 1648 ,srite
897 1587 932 1630 se
951 1580 1047 1653 atque
1064 1565 1150 1655 legi·

87 1667 165 1733 time
186 1669 227 1732 ab
248 1666 453 1753 Apollodoro
475 1665 663 1759 adoptatum
684 1666 748 1730 hoc
767 1664 839 1753 ipso
860 1653 1045 1761 conlassum
1067 1691 1149 1755 esse,

88 1769 173 1857 quud
199 1767 328 1834 nnllam
356 1767 420 1834 sibi
444 1766 483 1832 de
514 1767 696 1833 hereditate
716 1766 975 1834 controversiam
995 1770 1148 1838 moverit.

60 1945 64 1954 ⁸
87 1870 252 1938 Accedere
270 1868 369 1935 ctiam
387 1861 850 1951 demetarum‘testimonium,
881 1869 999 1954 quibus
1017 1871 1150 1938 absente

12 2009 15 2018 ·
87 1995 123 2039 se
142 1986 275 2062 propter
288 1970 680 2063 Pythicamrlegationem
691 1969 917 2058 Apollodorus
930 1953 1149 2058 manda'verin

65 2088 124 2140 .ut
156 2074 185 2140 si
212 2072 290 2160 quid
325 2072 391 2139 sibi
418 2086 493 2138 ante
524 2071 587 2138 filii
614 2070 763 2158 adoptivi
792 2071 935 2139 reditum
967 2071 1150 2154 accidisset,

86 2177 175 2248 hune
200 2174 239 2240 in
259 2174 388 2245 tabulas
413 2164 632 2258 laxiarchicas
659 2189 827 2269 tamquam
851 2173 961 2244 fllium
981 2197 1080 2242 suurn
1095 2175 1151 2242 in·

87 2276 286 2359 scriberent3
314 2275 414 2362 idque
435 2275 534 2341 etiam
554 2277 679 2342 sactum
700 2298 770 2343 esse
801 2296 821 2341 a
842 2275 1000 2361 demotis,
1027 2276 1151 2344 frmtra
1255 2287 1261 2296 ’

88 2377 341 2465 obloquentibus
363 2376 574 2443 adversariis.
739 2459 745 2464 ‚
1035 2431 1038 2436 Α

172 2478 238 2546 Sed
271 2477 400 2546 etiamsi
428 2500 533 2563 neque
559 2476 735 2543 inimicitia
760 2475 967 2567 Apollodoro
995 2500 1070 2543 eum
1092 2477 1153 2543 ad·

85 2581 266 2665 ¹versariis,
295 2605 401 2668 neque
422 2579 566 2646 amicitia
589 2601 699 2645 secum
721 2593 846 2646 etcum
866 2576 996 2652 familia
1017 2602 1076 2644 sua
1096 2578 1152 2644 in·

86 2682 302 2766 tarcessisset‚
333 2705 503 2769 nunquam
518 2695 628 2746 tamen
649 2679 746 2746 illum
764 2678 1017 2746 commissurum
1037 2678 1152 2766 luisse,

86 2800 124 2850 ut
145 2783 318 2872 Eupolidis
338 2782 486 2850 familiae
507 2784 679 2852 bonasus
699 2781 916 2870 relinqueret:
948 2779 1152 2872 praevidisse

87 2883 179 2953 enim
199 2887 367 2966 loturum,
394 2900 432 2951 ut
453 2873 598 2950 domum'
617 2893 711 2950 auam
731 2884 868 2954 interire
887 2883 942 2950 illi
962 2897 1154 2974 paterentur

86 3011 158 3054 non
179 2986 307 3070 minus,
328 2997 438 3074 ‘quam
460 2985 545 3052 alius
565 2985 742 3075 cujusdam
762 2986 981 3074 Apollodori,
1013 2984 1153 3076 Eupoli·
1175 3046 1186 3062 ,

55 3083 141 3156 'dis
171 3088 251 3172 lilii,
289 3087 382 3180 cujus
410 3088 450 3183 ad
480 3087 558 3155 illos
579 3086 743 3154 hereditas
763 3103 979 3174 pervenerat,
1015 3087 1153 3154 interire
1249 3101 1254 3115 “

87 3191 225 3257 domum
251 3190 347 3280 passi·
366 3203 489 3256 essent.
520 3189 654 3276 ¹illeque
682 3210 764 3256 vero
796 3188 1153 3278 adoptaturumfuisse

86 3291 234 3378 aliquem
261 3316 306 3358 ex
326 3291 499 3381 Eupolidis
527 3290 656 3357 familia
682 3290 912 3378 potiusquam
939 3313 991 3375 se,
1027 3290 1153 3359 sororis

27 3452 32 3470 ,
85 3392 209 3460 filium.
260 3386 391 3482 Quippe
410 3391 482 3458 illic
502 3393 707 3490 non'luisse,
741 3416 821 3479 quos
849 3392 1004 3482 adoptare
1031 3407 1153 3483 posset,
1278 3449 1279 3459 ,

28 3537 30 3572 κ,
85 3493 157 3560 nisi
177 3497 334 3582 parvulos
350 3496 527 3581 puerulos,
553 3493 608 3580 qui
631 3495 743 3581 quales
760 3494 937 3581 aliquando
960 3492 1029 3562 viri
1049 3494 1155 3561 futuri

30 3661 32 3670 ,
86 3587 223 3679 essent,'
248 3595 418 3662 incertum
439 3585 557 3676 fuisse3
588 3617 623 3662 se
650 3607 764 3660 eontra
791 3618 931 3683 suosque
952 3619 1060 3664 mores
1080 3620 1155 3686 spe·

31 3721 32 3755 1
85 3710 194 3763 ctatos
214 3697 422 3784 Apollodoro
444 3695 620 3784 multisque
641 3693 845 3762 documentis
866 3699 1021 3784 probatos
1040 3698 1154 3765 suisset

84 3798 246 3884 Aequum
267 3798 371 3888 igitur
392 3785 461 3865 esse
481 3813 519 3864 ut
532 3797 732 3884 Apollodori
754 3798 793 3863 de
815 3789 995 3865 hereditate
1016 3823 1075 3866 sna
1094 3823 1156 3868 vo·
1213 3861 1215 3866 .

34 3935 36 3950 ν
74 3901 203 3981 luntas
234 3901 319 3988 apud
346 3899 471 3992 judices
499 3923 626 3987 quoqne
652 3900 777 3982 valeat3
818 3924 918 3987 quum
948 3901 1156 3987 praesertim,

35 3999 37 4030 ⁵
84 4001 173 4066 dum
190 4000 339 4086 viveret,
372 4017 404 4070 et
421 4002 545 4068 bonum
560 4000 672 4068 virum
694 4014 777 4068 sect
797 4001 912 4068 utilem
933 4001 983 4067 rei
1004 4003 1156 4091 publicae

84 4101 200 4168 civem
217 4103 428 4190 praestiterit,
458 4103 528 4193 ipsc
547 4087 646 4168 etiam
661 4102 750 4169 lilius
771 4102 944 4192 adoptivus
963 4100 1156 4170 muneribus

48 4236 53 4253 ·
84 4203 185 4288 suis,
221 4218 379 4291 quantum
405 4227 466 4292 per
495 4215 635 4271 aetatem
665 4204 829 4294 potuerit,
868 4201 998 4271 strenue
1026 4205 1158 4284 functus

83 4304 171 4390 sil3t
190 4304 374 4410 adversarii
401 4319 534 4390 contra,
571 4305 608 4372 in
629 4303 812 4374 lautissima
834 4329 870 4372 re
889 4299 1067 4398 lamiliari,
1086 4304 1158 4380 ,de-
