2846 4832
276 323 383 394 sos«
631 321 1030 396 uonuurouuu

275 493 331 560 88.
353 489 502 559 Lobeck.
532 491 575 558 ab
594 491 726 584 Pbryu.
746 515 878 581 parerg.
899 516 934 582 p.
956 493 1030 590 753.
1051 495 1245 568 Buttmann.
1266 500 1337 568 Ex·
1412 543 1413 582 ;

277 617 363 660 cors.
381 593 413 658 V
434 592 475 659 ad
493 591 667 660 Demosth.
683 593 822 662 Midian.
843 619 876 684 p.
892 596 968 663 231.
980 635 1024 648 -
1044 598 1336 684 Σογγιγνωσκόντωκ
1412 637 1413 656 .

274 711 362 762 recto
381 692 539 762 Reiskius
560 695 720 782 explicate
747 697 830 762 idem
848 721 964 762 mecam
984 702 1185 768 censentibus.

271 868 275 876 ¹
360 796 397 882 ἢ.
415 797 469 864 39.
498 796 550 861 καὶ
568 801 670 860 ταῦτα
686 795 746 878 μὲν
767 795 866 874 οὕτως
885 796 1092 882 ἀναγκασθεὶς
1112 801 1245 886 ἐποίησα
1264 807 1335 869 coia

274 921 329 962 τον
348 896 404 962 τόν
423 893 548 983 τρόπον.
591 894 681 966 (lave
702 895 800 973 οὕτως
814 912 845 964 et
860 903 971 965 τοῦτον
991 899 1047 966 τόν
1067 899 1180 986 τρόπον
1199 905 1335 993 pleona-

274 998 354 1065 atice
371 1021 400 1063 s.
417 995 449 1062 ἔκ
470 993 667 1080 παραλλήλου
680 996 767 1064 dicta
780 1013 891 1087 putes,
912 1015 949 1066 ut
964 999 1084 1068 dicitur
1100 1011 1336 1091 nonnunquam

273 1095 421 1174 ὥσοότονς
449 1097 528 1163 κατὰ
556 1097 684 1177 uulsis
701 1099 794 1187 cujus
814 1099 945 1185 generis
966 1105 1117 1190 exempla
1136 1103 1207 1172 vid.
1230 1104 1269 1170 in
1289 1107 1332 1176 H.

273 1197 435 1290 Stephani
464 1199 629 1266 Thestor.
660 1215 697 1266 e.
713 1201 819 1268 10987
845 1200 909 1284 B.;
945 1217 1057 1269 nostro
1078 1205 1152 1274 loco
1175 1203 1333 1286 obcucsatl

272 1299 480 1386 ἀναγκασθείς
499 1300 659 1390 pertinet,
690 1307 801 1367 τοῦτον
818 1300 877 1368 τόν
890 1300 1004 1384 τρόπον
1025 1304 1065 1369 ad
1087 1305 1218 1389 ἐποίησα
1231 1333 1247 1398 ²,
1274 1310 1334 1372 His

271 1404 442 1470 rationibus
464 1415 620 1488 perunctus
645 1401 694 1468 itu
720 1404 781 1487 egi.
802 1441 847 1454 -
879 1404 943 1470 Τόν
970 1402 1133 1488 ἐξηγητῆν,
1170 1433 1266 1474 uum
1291 1433 1334 1474 eu

164 1495 168 1504 ⁴
271 1504 487 1591 ineps-etaloris
514 1504 715 1586 religiosam,
749 1503 848 1591 quern
874 1505 1056 1574 accuratius
1086 1507 1219 1576 deliniri
1248 1509 1334 1576 nihil

275 1606 403 1685 attinet.
462 1603 513 1671 lta
541 1619 654 1675 noster
681 1629 808 1693 quoquo
834 1607 1032 1674 vernaculus
1058 1631 1167 1676 sermo
1194 1611 1332 1676 articulo

252 1707 445 1798 'uti‘solet,
471 1705 529 1771 nbi
541 1729 602 1772 nos
620 1705 769 1792 quidem,
798 1706 854 1793 qui
869 1707 1054 1793 loquimur,
1083 1732 1187 1776 unam
1203 1734 1242 1778 ac
1262 1735 1333 1776 cer-

194 1827 199 1836 ·
271 1824 340 1876 um
359 1799 431 1876 rem
452 1806 651 1892 cogitamus,
679 1807 884 1876 auditoribus
912 1823 1022 1876 autem
1042 1810 1129 1878 bane
1149 1812 1334 1878 accuratius

272 1907 403 1991 definiri
432 1931 501 1973 non
527 1931 609 1996 opus
635 1921 702 1987 est,
741 1907 797 1974 sed
828 1909 947 1975 sufficit
975 1912 1106 1997 generis
1133 1911 1332 1998 designatio.

268 2009 435 2094 Ἐξηγηταὶ
446 2019 522 2076 *tres
538 2009 689 2092 fuerunt,
715 2008 829 2095 quide
849 2010 1067 2098 religionibus
1079 2027 1121 2079 et.
1130 2012 1203 2105 jure
1226 2039 1333 2097 sacro,

271 2135 336 2199 quo
363 2110 527 2201 pertinent
553 2109 652 2176 etiam
682 2110 837 2176 funerum
863 2109 970 2200 justa,
1003 2115 1248 2182 consulentibus
1277 2140 1333 2182 re·

271 2236 391 2302 sponsa
421 2213 552 2278 dabant.
607 2209 687 2278 vit.
717 2210 891 2279 Demoatb.
923 2213 961 2279 in
980 2213 1103 2302 Euerg.
1133 2230 1166 2281 et
1186 2216 1331 2285 Mnesib.

229 2344 233 2350 ·
270 2340 305 2405 p.
320 2315 423 2412 two,
443 2313 477 2380 4.
498 2313 581 2405 Lys.
602 2310 638 2378 in
658 2312 787 2381 Andos.
819 2338 853 2403 p.
875 2312 951 2388 204.
972 2314 1168 2405 Harpocrat.
1195 2342 1232 2385 v.
1261 2319 1333 2402 ἑξη-

270 2412 380 2502 γητής,
418 2415 474 2503 qui
489 2410 583 2482 'hune
609 2413 720 2504 ipsum
739 2413 825 2481 Isaei
855 2415 965 2482 locum
993 2416 1092 2502 citat,
1127 2415 1221 2500 Suid.
1244 2419 1331 2486 Lex.

271 2515 408 2606 Seguer.
430 2543 464 2606 p.
477 2519 553 2601 252,
572 2515 606 2583 4.
624 2516 713 2584 Aua.
730 2514 911 2584 Ruhnken.
933 2517 974 2583 ad
990 2518 1121 2586 Timae.
1137 2517 1224 2587 Lex.
1241 2519 1331 2606 Plat.

268 2720 365 2814 feriis
380 2743 468 2787 nono
485 2735 559 2810 post
578 2721 780 2810 sepulturam
802 2719 854 2785 die
875 2720 969 2803 latis,
994 2720 1064 2787 vid.
1087 2737 1156 2787 not.
1179 2722 1222 2787 ad
1245 2741 1329 2790 orat.

171 2817 174 2826 ’
269 2824 310 2889 de
329 2822 470 2890 Menecl.
492 2823 564 2906 ber.
587 2827 621 2902 ἦ.
649 2823 708 2889 39.
744 2819 917 2906 Ἐπιφίρειν
938 2821 978 2887 tle
998 2820 1169 2888 sacrifieiis
1191 2838 1223 2889 et
1244 2823 1330 2890 infe·

268 2924 329 2992 riis
344 2923 478 3013 proprie
495 2923 562 2989 dici
575 2923 726 3006 solitum
753 2937 789 2989 ut
804 2921 996 2990 Latinorum
1016 2922 1153 3006 inferre,
1179 2923 1329 2992 illustra·

267 3025 318 3094 vit
338 3024 566 3092 Hemsterlrus.
598 3023 638 3088 ad
660 3021 831 3112 Aristopb.
854 3022 944 3089 Plut.
966 3049 999 3113 p.
1021 3024 1096 3090 225.
1135 3020 1329 3109 Ἶεροσολίον

201 3157 205 3164 ·
268 3141 379 3194 auum
397 3140 493 3194 vocat
509 3124 775 3191 adversariorum
795 3124 940 3208 facinus,
968 3124 1122 3213 quoniam
1143 3141 1258 3192 contra
1279 3129 1328 3193 sas

267 3245 340 3297 erat
360 3241 392 3294 et
419 3249 522 3292 sacra
542 3225 690 3292 monium
715 3225 790 3317 jura
814 3225 984 3310 laedebat,
1015 3227 1071 3314 qui
1096 3227 1328 3316 proximorum

193 3409 200 3425 ,
227 3347 230 3359 '
266 3328 473 3421 potissimum
500 3327 607 3393 officia
632 3327 800 3415 requirere
829 3328 1054 3400 credebantur.
1105 3328 1260 3416 Denique
1280 3329 1346 3409 tuf.
1412 3367 1413 3406 p

194 3467 197 3471 ·
267 3429 386 3497 κόπτειν
408 3429 579 3508 sincaere,
612 3430 754 3512 cludere,
787 3429 901 3496 eodem
922 3453 1021 3496 seusu
1041 3428 1161 3496 (licitur
1183 3455 1203 3496 a
1222 3431 1328 3521 Lysia

266 3533 303 3599 in
323 3529 455 3616 Ergocl.
484 3555 517 3619 p.
538 3531 623 3597 82⁰2
660 3531 725 3594 ἵνα.
741 3528 843 3595 αὐτῶν
872 3526 1006 3624 ἐκκόψῃς
1025 3529 1083 3606 τὰς
1104 3533 1326 3642 συκοφαντίας.

266 3649 299 3700 ot
319 3631 480 3698 Dinarch.
510 3631 546 3698 in
567 3632 744 3700 Demosth.
770 3657 803 3722 p.
825 3635 884 3704 792
915 3632 973 3708 τὰς
992 3628 1234 3722 προφόοειςκαὶ
1253 3622 1339 3707 τοὺςι

266 3733 472 3820 φενακισμοός
491 3731 644 3814 ἐκκόψατε
664 3731 770 3799 αὐτοῦ.
881 3747 887 3764 ’
1107 3727 1120 3810 J
1243 3719 1252 3734 ’

302 3895 308 3906 .
349 3836 388 3923 5.
402 3835 456 3903 40.
478 3837 640 3903 Absoluta
655 3821 846 3926 probatione
865 3835 1107 3926 perorationem
1126 3834 1325 3921 ingreditur,

265 3962 328 4026 qua
348 3937 509 4006 invidiam
527 3937 653 4021 Diocli,
674 3937 816 4025 gratiam
838 3951 870 4004 et
889 3937 1038 4005 favorem
1059 3936 1124 4020 sibi
1145 3936 1326 4004 conciliare

263 4028 380 4109 stridet.
393 4081 446 4100 ·-
477 4036 592 4122 Σχεδόν
619 4063 650 4104 τι
677 4037 770 4114 ταῦτ’
798 4037 899 4104 ἔττόντ
936 4039 1031 4104 Haec
1056 4037 1129 4125 sere
1149 4051 1231 4104 aaut.
1273 4035 1327 4104 lt'a

263 4145 346 4212 solet
366 4167 396 4208 τι
415 4157 489 4232 post
510 4137 617 4222 σχεδόν
638 4140 726 4224 addi,
758 4141 816 4234 ubi
836 4139 865 4208 si
885 4142 1030 4225 abesset,
1059 4164 1156 4207 nemo
1177 4139 1325 4227 require·

229 4236 232 4242 ’
262 4260 324 4313 ret.
367 4243 447 4314 Via.
471 4239 646 4310 Soboeier.¹
659 4242 702 4342 psl
723 4241 869 4332 Dionys.
891 4241 970 4322 Hal.
994 4240 1034 4308 de
1063 4239 1101 4309 G.
1124 4241 1168 4310 V.
1191 4267 1224 4332 p.
1248 4243 1324 4306 177.

268 2645 303 2710 p.
327 2621 401 2686 109.
424 2617 559 2688 Sluiter.
581 2618 685 2685 Lectt.
707 2617 838 2684 Andoc.
865 2643 898 2708 p.
921 2617 995 2687 154.
1038 2619 1091 2686 De
1113 2616 1249 2700 ἔνότοις,
1277 2622 1331 2688 in·
