2942 4842
370 360 435 430 nc
457 357 694 432 cononum
718 361 1036 432 mosomus.
1173 345 1262 436 ce'

166 532 262 623 quasi
289 531 328 600 its
360 546 552 601 transcmsn
580 533 664 602 illud
693 557 820 621 quoque
847 533 1036 620 attingitur,
1077 559 1121 604 cx
1151 537 1234 627 ipsis

167 633 370 705 adversariis
398 637 577 702 nonnullos
597 659 667 703 non
688 635 820 722 quidem
847 649 916 702 tota
937 635 1157 722 hereditate,
1173 640 1232 706 sed

155 727 279 806 ‘tamen
304 736 416 824 aliqua
442 736 512 829 ejus
532 752 623 826 perte
644 736 817 826 nepotibus
839 735 1015 828 Cleonymi
1036 738 1150 805 cedere
1171 764 1232 829 pa-

164 853 255 908 ratos
276 839 398 920 fnisse3
423 861 489 924 qua
511 838 643 924 quidem
669 863 706 904 re
726 837 845 926 hipra
865 853 1059 934 argumenta
1080 855 1230 921 utuntur,

164 965 231 1028 quo
251 939 332 1030 ipsis
353 937 452 1005 etiam
484 938 682 1006 adversariis
708 932 938 1008 testamentum
963 941 1047 1008 illud
1080 941 1232 1028 iniquum

163 1043 278 1132 visum
299 1063 369 1108 esse
391 1040 626 1108 demonstrent.
670 1039 824 1108 Ceterum
845 1042 932 1108 hanc
952 1041 1148 1110 dividendae
1170 1045 1252 1110 he···

163 1142 314 1212 ruditatis
335 1140 561 1216 condicionem
585 1143 687 1208 latam
717 1166 787 1210 esse
807 1158 942 1233 apparet
961 1160 1036 1210 ante
1054 1167 1155 1230 quam
1176 1169 1231 1214 res

163 1245 203 1312 in
222 1243 384 1337 judicium
404 1243 637 1326 adduceretur,
660 1268 778 1331 quum,
799 1259 836 1310 ut
856 1243 930 1312 lieri
950 1246 1097 1329 solebat,
1129 1247 1230 1313 amici

163 1346 369 1435 litigantium
385 1349 394 1431 ζ
395 1368 527 1435 operam
556 1369 651 1412 suam
671 1345 937 1443 interponerent,
964 1360 1000 1412 ut
1019 1347 1176 1435 privatim
1197 1363 1231 1414 et

162 1447 252 1514 intra
264 1447 406 1538 parietes
419 1446 643 1514 controversia
656 1463 905 1537 componeretur
913 1472 924 1529 ς
947 1471 993 1513 ex
1008 1445 1124 1534 quibus
1141 1473 1229 1546 unus

164 1546 391 1639 Gepbisander
410 1547 614 1616 condicionis
634 1547 726 1615 illius
754 1543 868 1616 auctor
887 1545 1077 1615 nominatui·
1098 1548 1162 1636 55.
1186 1551 1230 1616 16

163 1664 197 1716 et
216 1651 280 1732 ²83
315 1650 371 1716 sed
399 1673 444 1716 ex
475 1648 676 1717 adversariis
697 1673 824 1737 quoque
845 1651 1024 1734 nonnullos
1045 1666 1133 1716 certe
1154 1675 1229 1722 eam

165 1752 339 1843 amplexos
361 1774 431 1818 esse
452 1750 579 1835 exiis,
601 1774 683 1838 quae
704 1751 742 1838 5
764 1752 805 1818 51
827 1751 994 1837 leguntur,
1015 1752 1229 1820 manifestum

162 1866 224 1919 est.
268 1848 404 1920 Scilicet
423 1851 525 1918 tutius
538 1851 711 1918 videbatur
729 1867 855 1941 partem
876 1852 1045 1936 amittere,
1069 1877 1133 1939 quo
1155 1878 1227 1938 ccr-

161 1955 229 2021 tius
249 1954 379 2040 reliqua
398 1952 599 2038 obtinerent,
622 1978 719 2041 quam
740 1953 964 2044 periculosam
981 1955 1021 2020 de
1041 1968 1108 2020 tota
1128 1955 1229 2021 here-

160 2054 264 2122 ditate
281 2054 526 2122 dimicationem
540 2054 669 2140 subire,
697 2055 736 2126 in
755 2079 819 2142 qua
833 2056 890 2142 qui
909 2053 1120 2122 vincerentur
1139 2056 1230 2123 nihil
1347 2121 1350 2132 ,

160 2151 328 2246 accepturi
359 2171 477 2224 assent.
540 2155 623 2223 Erat
649 2163 757 2223 autem
782 2147 943 2224 'condicio
973 2155 1153 2245 ejusmodi,
1188 2173 1228 2224 ut

162 2258 271 2325 omnis
298 2258 463 2332 hereditas
489 2258 526 2325 in
555 2275 621 2325 tres
647 2259 757 2348 partes
784 2256 1003 2342 divideretur,
1037 2259 1227 2346 exquibus

160 2383 264 2426 unam
288 2358 466 2451 Cleonymi
486 2377 639 2450 nepotes,
667 2359 810 2446 reliques
831 2359 912 2428 duas
933 2359 1116 2427 adversarii
1136 2361 1226 2429 acci·

160 2476 297 2551 pereat,
319 2462 405 2548 quod
427 2486 527 2549 quum
549 2462 648 2549 552
668 2460 753 2528 etas
774 2459 903 2527 dicatur
921 2462 1136 2545 ῑοομοιρῆσαι,
1164 2485 1226 2530 ne·

160 2587 252 2630 cesse
273 2578 322 2629 est
343 2579 399 2629 aut
413 2563 493 2630 duas
513 2565 616 2630 luisse
631 2562 896 2631 adversariorum
918 2562 1054 2652 stirpes,
1085 2587 1227 2649 quarum

159 2680 301 2756 utraque
322 2687 458 2752 aequam
477 2664 660 2754 portionem
678 2665 824 2753 accipere
837 2665 988 2748 deberet,
1010 2677 1084 2747 aut,
1106 2663 1136 2730 si
1156 2689 1227 2731 non

159 2765 199 2832 in
219 2768 338 2856 stirpes
359 2766 414 2832 sed
436 2767 471 2833 in
493 2768 599 2856 capita
619 2766 834 2834 hereditatem
856 2764 963 2833 dividi
983 2766 1130 2850 vellent,
1162 2766 1225 2832 du·

111 2865 116 2874 ’
159 2867 282 2957 plicem
309 2867 412 2936 fuisse
440 2868 704 2937 adversariorum
732 2893 831 2954 quam
852 2882 1005 2957 nepotum
1035 2891 1223 2935 numerum.
1319 2845 1329 2871 κ

244 2968 387 3059 Nepotes
418 2985 527 3040 autem
556 2972 592 3037 h.
623 2995 653 3037 e.
688 2968 870 3056 ἀδελφιδοῦς
898 2967 1076 3060 Cleonymi
1109 2969 1226 3054 luisse,

160 3069 220 3158 qui
248 3085 479 3146 testamentum
507 3074 570 3138 hac
598 3072 745 3139 oratioue
756 3118 767 3155 ,
799 3072 840 3138 ab
866 3095 935 3138 uno
962 3095 1076 3138 eorum
1097 3071 1225 3156 habita,

159 3170 376 3262 impugnant,
397 3174 608 3240 manifestum
629 3189 678 3241 est
699 3198 716 3240 e
738 3173 800 3262 55.
823 3171 846 3240 4
866 3188 898 3239 et
918 3174 978 3255 39,
1000 3172 1059 3238 ubi
1079 3171 1224 3262 Polyar-

160 3273 261 3356 cbus,
296 3272 474 3365 Cleonymi
501 3291 611 3365 pater,
648 3290 795 3343 actorum
824 3298 904 3342 avus
932 3274 1064 3340 dicitur.
1093 3271 1227 3358 'Igitur

143 3398 265 3460 ‚quum
291 3391 348 3442 aut
375 3390 529 3466 patruum
558 3401 671 3470 eorum
698 3392 755 3442 aut
781 3377 982 3445 avunculum
1003 3373 1226 3466 Cleonymum

160 3475 264 3548 fuisse
298 3492 469 3566 appareat,
498 3495 656 3568 patruum
690 3478 793 3546 fuisse
819 3476 968 3544 lonesius
998 3476 1129 3560 statuit,
1163 3501 1226 3546 nos

162 3581 386 3668 avunculum,
417 3581 673 3668 assentieturque
693 3581 789 3647 nobis
815 3580 904 3646 haurd
927 3578 1041 3663 dubie,
1074 3579 1130 3666 qui
1152 3603 1226 3646 eam

30 3763 33 3770 μ
134 3739 138 3748 ,
162 3679 321 3748 orationis
341 3697 486 3771 partem,
514 3683 573 3750 ubi
593 3683 633 3749 de
654 3682 777 3749 Diniae
799 3696 830 3748 et
853 3679 1028 3772 Cleonymi
1049 3679 1226 3748 inimicitia

162 3781 360 3872 exponitur,
383 3783 420 3870 5.
437 3786 561 3871 9sqq.,
581 3785 694 3873 paullo
705 3782 887 3850 accuratius
908 3781 1097 3872 perlegerit.
1125 3782 1225 3848 *Nam

78 3937 84 3950 .
161 3882 191 3949 si
213 3881 416 3975 Cleonymus
437 3909 563 3972 quoque
583 3900 718 3979 patruus
740 3903 888 3954 actorum
907 3885 989 3969 fuit,
1010 3883 1134 3950 Diniae
1154 3885 1225 3950 fra·
1286 3969 1288 3974 Ι
1377 3861 1390 3920 ⁸·

161 3996 248 4052 trem
269 3984 371 4053 fuisse
393 4004 536 4076 oportet;
568 4013 637 4062 non
657 4003 766 4055 autem
787 3990 929 4054 lbatrum
948 3986 1141 4053 inimicitias
1162 3987 1225 4051 illo

161 4085 235 4152 loco
259 4081 355 4154 nobis
379 4090 511 4155 narrari
522 4075 638 4176 *quivis
658 4089 825 4175 intelliget
842 4090 897 4158 vel
914 4111 958 4154 ex
983 4087 1074 4154 hisce
1094 4085 1225 4156 verbist

160 4185 241 4270 πλὴν
251 4225 295 4240 ·-
307 4187 347 4254 eb
359 4191 483 4266 δικαίοις
499 4189 686 4277 ἀμφοτέροις
701 4191 898 4275 μεμψαίμην,
928 4189 976 4256 ὅτι
992 4191 1044 4254 καὶ
1056 4189 1139 4274 φίλοι
1150 4189 1226 4261 τέως

160 4285 246 4364 ὄντες
256 4291 310 4355 καὶ
325 4290 510 4379 προφάσεως
519 4292 663 4376 οὐδεμιᾶς
678 4291 992 4377 γενομένης-οὓτως
1004 4292 1068 4375 εἰκῇ
1080 4286 1158 4374 πρὸς
1169 4286 1227 4352 dl.-
1293 4365 1295 4372 Α
