2882 4830
344 1319 929 1484 ennunnsuo

599 1601 604 1610 .
673 1601 676 1608 .

119 1877 300 1990 Oratores
329 1913 432 1980 Attiei
459 1933 559 2000 quum
589 1911 643 1978 diu
669 1911 877 1998 neglectius
899 1912 1022 1980 deserti
1045 1915 1167 1996 jacuis-
1257 1924 1259 1935 '

119 2041 206 2116 seut,
235 2039 355 2098 nostro
373 2034 504 2098 demum
527 2039 561 2098 et
578 2038 708 2118 potrum
725 2037 913 2122 nostroruml‘
931 2033 1088 2096 memorie
1111 2031 1166 2102 ox.

117 2149 246 2217 titoruut
274 2151 330 2238 qui
350 2150 460 2236 paullo
476 2134 723 2216 'accuratiorem
752 2149 784 2212 iu
806 2169 919 2214 eorum
939 2147 993 2217 vol
1015 2153 1167 2218 emende-

117 2267 198 2335 tione
210 2269 265 2336 vel
283 2267 503 2356 explieatione
521 2265 722 2350 diligentium
738 2265 949 2332 collocarent.
991 2267 1076 2334 Nam
1091 2277 1168 2354 post

116 2381 151 2450 F.
173 2381 217 2452 n.'
234 2384 414 2470 Wolfiurn‚
452 2386 506 2472 qui
535 2383 658 2470 primus
689 2382 721 2448 iu
742 2383 975 2451 Demosthenis
1002 2385 1167 2472 Leptinen
1203 2393 1205 2400 '

116 2502 280 2590 ostendit,x
311 2523 376 2590 qua
397 2503 468 2588 quis
488 2502 615 2568 ratione
642 2500 675 2567 in
704 2500 917 2569 emendandis
939 2511 973 2568 et
994 2505 1168 2588 explanan-

98 2620 162 2686 dis
181 2597 489 2688 horum'oratorum
509 2619 653 2707 reliquiis
675 2619 721 2686 nti
742 2619 894 2704 deberet,
922 2641 988 2684 non
1009 2619 1113 2688 solum
1134 2619 1188 2688 in'

109 2739 161 2818 jus
188 2739 457 2806 Atheniensium.
471 2737 635 2824 publicum
664 2744 699 2804 et
725 2738 886 2824 privatum
914 2739 1037 2820 majore
1070 2720 1186 2826 quum·

115 2864 212 2923 anteo
234 2878 320 2924 eura
343 2865 377 2924 et
391 2856 569 2924 subtilitate
589 2855 705 2943 inquiri
724 2864 891 2942 coeptum,
919 2859 981 2922 sed
1000 2857 1170 2926 orationes

115 2975 240 3062 quoque
262 2996 363 3040 unum
386 2974 504 3041 saltem
525 2972 580 3062 qui
600 2973 727 3040 muneri
748 2995 807 3039 suo
824 2995 886 3059 por
903 2983 993 3043 osset
1009 2963 1167 3064 eritieurn,

115 3093 260 3158 editores
290 3067 405 3158 'autem
434 3101 469 3160 et
494 3091 693 3178 interpretes
721 3091 807 3191 eliae
837 3091 919 3158 elios
940 3099 1060 3158 nautae
1082 3103 1168 3180 suut,

113 3209 242 3296 multis,
274 3217 312 3276 ut
331 3209 385 3294 lit,
412 3210 446 3276 iu
459 3211 669 3296 ,petefeetum
685 3209 796 3276 'semel
810 3230 963 3295 eampum
985 3210 1103 3296 eupide
1123 3212 1170 3278 iu*

112 3300 333 3395 volentibus·
364 3326 583 3410 Ceterum'in
612 3334 706 3394 tante
732 3326 891 3420 editorum
918 3327 1092 3396 sedulitate
1115 3331 1170 3398 ad·

113 3444 176 3511 hue
197 3445 278 3511 fere
298 3466 396 3512 nomo
416 3446 565 3514 inventus
588 3451 657 3530 est,
699 3443 753 3531 qui
773 3444 972 3529 privatorum
994 3467 1169 3514 oausarum

114 3549 320 3630 orationibus
341 3561 579 3650 perpurguudis
596 3571 630 3630 et
646 3562 847 3632 illustrandis
867 3576 1004 3650 opernm
1025 3563 1171 3632 debitam

112 3687 327 3766 praestaret:
362 3701 469 3767 neque
496 3681 530 3747 id
551 3683 636 3748 adeo
658 3681 793 3782 mirum,
826 3681 1086 3767 quandoquidem
1107 3703 1172 3750 noo
1233 3687 1254 3752 ,’

110 3819 247 3884 rerum,
280 3797 312 3863 iu
334 3797 648 3886 quibuspleraeque
671 3819 785 3867 aarum
803 3806 995 3884 versantur,
1028 3800 1171 3868 tenuitas
1275 3857 1277 3865 ,

113 3923 148 3980 et
175 3915 315 3982 dieendi
340 3927 450 4003 ‘genus
476 3918 552 3986 huie
573 3937 683 4018 rerum
714 3913 865 3982 tenuitati
885 3921 1172 3986 accommodatum

111 4034 256 4102 allieere
289 4033 408 4102 multos
436 4038 477 4101 od
497 4035 674 4120 legendum
689 4039 731 4130 vet
749 4033 893 4101 retinere
912 4057 1012 4122 posse
1033 4036 1175 4122 videtur,

111 4170 223 4238 neque
246 4173 330 4218 vero
356 4151 494 4239 intelligi
513 4153 578 4220 hae
598 4151 766 4218 orationes
794 4157 827 4218 et
859 4151 1017 4238 explicari
1037 4161 1173 4240 possunt

112 4269 185 4333 sine
218 4268 431 4336 aeouratiore
451 4269 535 4352 juris
561 4269 664 4336 Attiei
692 4267 894 4354 agnitione,
925 4289 1023 4356 quam
1050 4278 1175 4336 nostro-

956 4383 978 4426 s
