2824 4844
390 1483 393 1487 .
479 1432 526 1486 IN
542 1429 838 1488 FRAGMENTA

276 1631 612 1704 ottfflottttttt
648 1630 1030 1702 lucraturum.

117 1850 150 1918 1.
194 1839 390 1946 EDio'nys.
411 1854 437 1920 l.
459 1854 485 1922 l.
517 1879 551 1944 p.
573 1855 637 1922 609
658 1853 761 1940 (336).
783 1889 826 1906 -·
870 1849 1052 1920 Pecuniam
1068 1847 1137 1917 sibi
1156 1849 1187 1918 is

117 1951 179 2039 qui
200 1953 385 2022 cretionem
403 1956 501 2022 hebet
522 1955 635 2022 deberi
651 1946 819 2022 contendit
834 1955 875 2020 eb
890 1953 966 2020 aliis
984 1951 1096 2019 nescio
1112 1935 1186 2038 qui-¹

117 2053 195 2138 bus,
220 2077 319 2141 quum
336 2056 373 2122 hi
393 2055 462 2146 jem
477 2057 672 2126 re'dditema
690 2075 725 2124 se
739 2079 808 2123 esse
822 2067 1007 2150 opponunt,
1043 2053 1083 2119 ld
1096 2066 1187 2120 ector

113 2155 273 2220 refutaret
297 2171 450 2241 conatur,
485 2158 759 2245 conqueriturque
787 2157 827 2222 de
847 2157 915 2223 olio
935 2154 1094 2242 quodam,
1128 2151 1186 2241 qui

113 2253 190 2320 illis
220 2253 449 2344 potiusquam
476 2258 541 2323 sibi
565 2258 665 2324 fidem
686 2282 721 2325 se
741 2259 864 2325 hebere
885 2257 1031 2324 simulet.
1073 2255 1186 2341 Neque

113 2355 212 2422 enim
241 2369 336 2422 testes
364 2357 406 2422 ab
436 2355 505 2424 illis
534 2359 709 2444 productos
737 2377 806 2425 esse
828 2381 904 2441 eos,
935 2379 1046 2422 coram
1068 2355 1185 2440 quibus

109 2454 297 2548 pecuniam
325 2481 345 2523 ο
371 2479 406 2522 se
428 2457 589 2524 redditam
618 2482 687 2526 esse
708 2456 871 2540 dixerint,
902 2479 1006 2542 neque
1027 2455 1185 2524 credibile

110 2582 209 2643 esse,
247 2557 304 2643 qui
322 2571 458 2646 putrem
479 2582 574 2626 suum
603 2559 653 2644 (h.
676 2583 705 2626 ο.
728 2558 847 2626 actoris
867 2557 1000 2648 ejusque
1022 2559 1183 2624 freti-utut

109 2673 215 2727 erent
238 2659 327 2725 euim
342 2661 453 2748 plures
470 2660 540 2726 litis
558 2662 756 2746 consortes),
786 2659 932 2746 quomis
953 2658 1082 2744 integro
1098 2671 1184 2724 statu

109 2760 287 2847 (ἐπίτιμος)
316 2776 418 2846 esset,
446 2761 584 2850 pecunia
611 2761 844 2850 spoliaverint,
876 2760 937 2826 hos
966 2758 1048 2842 sibi,
1081 2781 1183 2844 quum

106 2861 228 2950 ἀτιμέρι
256 2861 366 2928 effecti
394 2876 502 2929 essent
530 2887 635 2948 neque
661 2862 713 2952 jus
741 2883 837 2927 suum
862 2858 1013 2949 persequi
1039 2871 1182 2946 possent,

105 2963 305 3031 reddituros
322 2964 406 3050 quod
430 2964 585 3030 deberent
604 2963 717 3030 fuisse.
733 2997 776 3012 --
796 2961 888 3028 Haec
907 2961 1086 3027 verborum
1106 2983 1184 3031 son-s

102 3065 220 3132 tentia
244 3065 322 3130 satis
337 3079 447 3154 aperta
469 3079 528 3132 est.
572 3062 744 3153 corruptis
765 3062 810 3130 ita
827 3061 1023 3128 medentium
1037 3059 1181 3146 videtur,

102 3181 145 3233 nt
176 3169 317 3234 vers02
347 3189 407 3253 pro
438 3163 644 3251 παρεχόμενος
673 3179 852 3252 reponatur
879 3161 1110 3248 παρεχομένων,
1145 3163 1180 3228 itl

100 3266 200 3356 quod
225 3287 280 3330 res
300 3264 371 3352 ipsu
392 3268 534 3353 flagitat,
555 3283 588 3341 ot
609 3267 716 3333 δοῦναι
737 3267 894 3344 deleatur,
915 3279 952 3330 ut
973 3287 991 3330 e
1012 3286 1080 3349 seq.
1102 3261 1181 3327 ἀπο-

100 3371 226 3434 δοῦναι
255 3379 375 3432 temere
401 3368 466 3434 huc
491 3370 642 3454 illatum,
673 3393 761 3437 vers.
791 3370 813 3432 3
839 3382 948 3432 autem
975 3359 1018 3439 ἀς
1037 3377 1181 3430 mutetur

97 3471 140 3537 iu
164 3467 272 3552 ὅμως.
320 3465 460 3556 Reliqua
480 3467 656 3539 Bekkerus
675 3467 829 3538 Acuent.
857 3492 892 3555 p.
914 3467 978 3533 697
998 3465 1045 3531 itte
1067 3488 1180 3532 emen·

98 3573 189 3638 dat:
223 3567 326 3632 καέτοι
346 3573 421 3632 πᾶσι
442 3571 574 3657 φανερὸν
595 3571 639 3648 ὡς
658 3573 690 3634 οἵ
707 3595 739 3657 γε
759 3568 813 3635 τὸν
831 3564 944 3633 τούτου
965 3566 1084 3653 πατέρα
1105 3564 1178 3632 ἀπε-

95 3672 247 3756 στέρουν
267 3665 342 3734 ἀννα
364 3670 519 3752 ε’πέτιμον,
541 3663 625 3738 οὗτοι
644 3669 716 3756 ἡμῖν
736 3669 855 3746 ἑκόντες
875 3667 931 3734 otiu
952 3665 991 3733 ἀν
1012 3666 1177 3748 ἀπέδοσαν,

93 3773 119 3840 ἀ
150 3765 393 3854 εἰσπράξασθαι
420 3767 519 3848 οὕτως
544 3769 661 3852 ἔχοντες
694 3771 747 3838 οάν
774 3771 813 3838 ἀν
840 3767 1044 3855 ἐδυνήθημεν.
1091 3769 1178 3837 Mihi

90 3874 222 3964 potius
247 3870 357 3938 visum
377 3887 442 3957 est,
470 3871 593 3939 relictis
613 3873 683 3940 illis
704 3869 747 3949 ὡς
774 3872 867 3952 έοικε,
894 3871 949 3938 τὸν
970 3867 1081 3937 τούτου
1103 3896 1178 3938 mu·

90 3963 254 4047 tendunt
274 3971 310 4038 in
330 3973 403 4051 τοὺς
422 3972 495 4055 τὸν,
526 3971 715 4058 ἀποστεροῦν
734 3975 772 4042 in
791 3973 1056 4060 ἀποστεροῦντας,
1083 3971 1177 4039 deni·

88 4103 163 4167 que
182 4087 269 4141 onte
289 4065 517 4160 εἰσπράξασθαι
537 4090 593 4140 aut
613 4075 719 4150 οἵτινες
734 4091 789 4141 aut
811 4077 909 4142 etiam
928 4097 1003 4139 cum
1017 4071 1175 4138 Bckkero

84 4181 112 4246 ἃ
144 4174 368 4259 addendum,
395 4188 432 4241 ut
457 4172 678 4252 ἀνακολούθως
704 4190 816 4243 orator
843 4189 916 4264 post
942 4170 1077 4260 φανερὸν
1102 4171 1176 4247 τούς

82 4279 362 4362 ἀποστεροῦντας
380 4301 449 4346 uon
468 4277 675 4349 infinitivum
691 4277 861 4344 ἀποδοῦναι
881 4275 938 4343 sed
952 4287 1078 4364 tempus
1097 4272 1174 4340 fini·
