2942 4842
203 319 282 416 ἰον
569 321 616 392 m
647 319 929 390 oneruounu

217 517 307 576 αᾳιεν
336 491 501 560 omittunt.
546 490 588 558 Et
608 491 745 558 debetur
766 490 854 568 haud
878 489 976 557 dubie
997 491 1194 578 correctori,
1225 493 1308 580 qui.
1361 531 1365 538 ·

216 609 399 661 structurae
420 593 676 660 succurrendum
696 607 838 682 putaret.
881 590 1084 678 Legitimum
1105 595 1196 661 enim
1217 595 1283 662 hoc

217 711 267 762 est
293 710 325 761 et
351 694 501 762 omnium
529 718 592 760 usu
612 708 799 783 receptum,
828 707 865 758 ut
885 691 974 759 nihil
994 693 1157 784 ejusmodi
1178 696 1281 762 adda·

216 812 272 862 tur
301 812 332 864 ct
352 792 474 880 θάτερα
501 795 585 862 illud
612 797 668 862 vel
694 791 832 879 θάτερον
859 787 934 863 cum
961 795 1088 881 reliqua
1117 812 1280 864 structura
1326 847 1329 852 -

215 899 317 964 nullo.
336 898 434 964 modo
473 897 728 985 conjungam·
766 894 975 982 Quamquam
1006 912 1119 962 nostro
1147 896 1280 984 quidem

215 1001 289 1066 loco
318 997 421 1089 possit
446 996 566 1086 aliquis
591 994 714 1081 deluton
743 1021 818 1062 cum
849 995 1041 1082 ἀποφαίνωσι
1067 997 1279 1086 conjungere,

216 1100 256 1166 de
276 1099 401 1192 Pyrrh.
425 1099 496 1165 her.
519 1098 557 1187 ᾖ.
579 1099 623 1166 58
643 1123 718 1164 cum
740 1102 897 1183 προσῆκει
925 1098 981 1165 vel
1000 1097 1049 1163 sic
1069 1113 1179 1165 tamen
1200 1123 1280 1190 sup-

215 1201 372 1293 plendum
398 1201 484 1266 soret
504 1202 608 1267 altero
629 1201 703 1266 loco
724 1197 836 1277 ὄντας,
868 1199 971 1265 altero
993 1208 1085 1281 ποιεῖν
1092 1227 1104 1283 ,·
1129 1201 1278 1289 plerum-

215 1328 278 1391 que
298 1319 408 1369 autem
430 1325 471 1368 ne
494 1297 655 1391 ejusmodi
676 1298 809 1387 quidem
834 1298 1072 1366 adminiculum
1095 1301 1207 1386 adest,
1234 1300 1279 1366 li-
1374 1289 1377 1296 Δ

214 1406 394 1491 berumque
416 1419 449 1469 et
470 1391 656 1469 absdlutum
677 1401 812 1491 ponitur
832 1398 968 1487 θάτερον
988 1424 1024 1469 v.
1046 1398 1184 1489 θάτερα,
1212 1427 1277 1490 qno

214 1505 382 1593 sequentia
422 1503 661 1592 quodammodo
693 1517 940 1593 praeparentur.
1002 1502 1126 1590 Neque'
1145 1527 1278 1570 causam
1322 1501 1325 1508 ’

165 1645 167 1648 ·
213 1609 311 1676 video
338 1630 403 1694 quo
431 1607 540 1672 minus
576 1605 713 1671 eandem
746 1603 782 1670 in
815 1603 970 1678 omnibus
997 1603 1081 1670 locis
1114 1604 1282 1676 rationem,

212 1725 404 1791 statuamus,
425 1730 530 1793 neque
543 1705 722 1793 quidquam
736 1707 957 1794 suppleamus,
977 1728 1045 1772 non
1056 1704 1163 1792 magis
1177 1729 1276 1792 quam

212 1810 298 1900 apud
314 1807 588 1892 interrogativum
600 1804 728 1891 πότερον
742 1831 777 1872 v.
791 1802 905 1891 πότερα
912 1853 922 1884 ,
945 1806 1030 1893 quod
1046 1806 1160 1873 eodem
1176 1809 1275 1875 modo

212 1925 404 2000 usurpatum
424 1910 522 1998 plane
546 1908 583 1974 in
601 1907 782 1998 particulae
801 1909 912 1974 locum
940 1908 1031 1975 abiit.
1075 1907 1162 1974 Vide
1186 1910 1276 1978 enim

213 2036 311 2099 quam
332 2026 480 2077 accurate
502 2011 583 2076 haec
602 2010 667 2074 sibi
689 2008 926 2099 respondeant:
958 2006 1072 2094 αάτιρα
1093 2009 1168 2095 γάνει
1189 2036 1277 2095 πρω-

184 2108 332 2178 .τιάονσι
360 2111 380 2196 ἢ
407 2116 448 2198 τῇ
476 2109 555 2196 πρὸς
582 2109 690 2176 ἐκεῖνον
711 2109 819 2198 φιλάρς
851 2124 883 2178 et
903 2112 988 2176 δυοῖν
1007 2108 1131 2197 θάτερα
1158 2111 1275 2197 ἢνένει

211 2211 450 2302 πραττάοασινῆ
466 2218 505 2298 τῇ
518 2214 613 2301 pullu.
634 2211 746 2299 Neque
754 2211 877 2278 diversi
887 2213 1017 2297 generis
1033 2228 1082 2280 est
1097 2209 1273 2300 ἀμφότερον

211 2340 247 2384 r.
272 2312 452 2403 ἀμφότερα,
481 2314 567 2400 quod
594 2312 709 2379 eodem
735 2311 834 2379 modo
860 2313 1016 2401 reliquae
1035 2314 1272 2400 enunciadoni,

210 2412 542 2508 quasipraeparaudi
563 2438 679 2498 causa,
699 2413 938 2504 praemittitur,
959 2433 996 2482 nt
1013 2415 1048 2482 iu
1070 2415 1131 2483 illo
1148 2414 1273 2498 χώσατο

209 2518 243 2584 d'
267 2521 362 2594 αἰνῶς
381 2514 559 2604 ἀμφότερον
580 2517 666 2599 νίκης
693 2541 726 2580 τε
741 2515 799 2579 ’καὶ
820 2513 925 2601 ἔγχεος.
972 2516 1112 2606 Antiph.
1136 2518 1176 2583 de
1197 2519 1272 2584 salt.

210 2621 248 2709 ἦ.
270 2619 314 2688 46
334 2618 446 2688 Bekk.
470 2616 560 2684 ἱκανά
581 2617 612 2703 γ’
635 2608 675 2701 ἦν
695 2615 872 2700 ὑπομνῆσαι
892 2617 942 2681 καὶ
963 2615 1205 2701 ἐνθυμηθῆναι,
1227 2618 1271 2685 'ai'-

209 2747 265 2809 νιερ
285 2709 455 2806 ἠδικοῦντο,
474 2715 640 2806 ’ἀμφότερα
655 2720 708 2784 καὶ
728 2722 818 2804 σφῶν
832 2717 1040 2808 oderisi-'vexo
1062 2720 1115 2783 sul
1135 2725 1191 2803 τῆς
1211 2719 1272 2786 πά-

208 2828 295 2900 λιιος.
336 2822 465 2890 Poterit
495 2821 551 2887 hic
572 2844 699 2909 quoque
721 2819 787 2886 dici
813 2816 1042 2905 teotradum
1062 2818 1082 2903 ἢ
1104 2827 1193 2904 σφῶν
1212 2821 1270 2887 cd·

207 2931 271 2991 τῶν
292 2925 379 2994 ἕνεκα
404 2921 424 3007 ἢ
450 2929 506 3007 τῆς
531 2917 658 2996 πόλεως.
679 2958 722 2970 --
743 2918 842 2988 Gouf.
870 2943 952 3008 quae
979 2918 1176 2989 Schaeserua
1201 2922 1270 2990 dis·

207 3027 335 3117 putavit
356 3026 396 3092 ad
417 3024 634 3092 Demosthen.
656 3023 686 3092 1.
703 3023 743 3112 'p.
764 3023 840 3090 5⁵2.
1212 3113 1216 3118 Δ

218 3197 223 3208 ,
293 3127 331 3216 §-
356 3130 411 3195 39.
439 3129 466 3192 cl
490 3126 548 3211 μὲν
577 3120 759 3210 Πολύαρχος
777 3159 821 3174 —-
840 3119 983 3208 ἐτύγχανε
1007 3129 1069 3188 τῶν
1093 3122 1274 3216 ἐπιτηδείων

207 3228 312 3315 ἐνδεὴς
331 3227 388 3295 ἀν.
430 3225 555 3295 Simili·
572 3240 764 3312 argumento
789 3226 925 3312 exlege
946 3220 1108 3301 κακάσεως
1129 3227 1268 3316 repetito

122 3357 125 3362 ·
206 3335 312 3400 utitur
326 3331 424 3397 etiam
441 3353 490 3395 or.
507 3327 547 3393 de
563 3323 678 3394 (lirun.
691 3327 764 3393 her.
780 3326 818 3415 ᾖ.
835 3329 889 3393 32.
903 3326 1020 3393 -De
1033 3325 1140 3393 officio
1151 3327 1268 3393 ‘alendi

208 3433 319 3504 omnia
335 3433 372 3498 in
384 3431 505 3515 vulgus
523 3423 599 3496 nota
618 3441 704 3495 sunt.
757 3426 836 3494 Vid.
862 3429 901 3494 de
920 3427 992 3494 ord.
1010 3427 1085 3518 jud.'
1099 3453 1134 3518 p.
1151 3429 1216 3494 288
1236 3445 1277 3495 et·

175 3577 177 3584 ·
207 3536 273 3623 qui,
290 3533 340 3600 ibi
370 3543 684 3618 commemorantur:
724 3554 828 3616 neque
860 3529 966 3614 magis
997 3529 1082 3595 illud
1113 3528 1267 3617 cuiquam

205 3636 356 3723 ignotum
385 3633 511 3723 puellas
540 3631 577 3698 in
602 3646 800 3718 angustare
829 3629 987 3698 familiari
1012 3631 1084 3697 sine
1107 3631 1266 3698 fratribus

205 3736 337 3816 relictas
363 3758 383 3800 a
405 3733 569 3823 proximis
602 3733 749 3822 cognatis
770 3747 827 3799 aut
863 3732 901 3798 in
928 3731 1178 3799 matrimonium
1202 3732 1265 3798 du·

205 3837 324 3914 caudas
355 3851 411 3902 aut
439 3860 515 3903 cum
542 3850 631 3902 certa
666 3835 807 3922 quadam
842 3834 916 3900 dota
951 3831 1025 3900 aliia
1057 3833 1264 3928 collocandas

203 3938 317 4028 luisse.
361 3936 440 4004 vit.
467 3938 515 4005 ib.
539 3964 572 4028 p.
600 3940 675 4034 290.

216 4111 219 4114 ,
288 4035 515 4125 ἀπορουμένας.
547 4039 592 4106 Η.
611 4063 640 4104 e.
658 4029 844 4119 νιενομέναςζ
866 4033 1053 4122 ἀνιοροάσας.
1084 4035 1170 4104 Nam
1188 4060 1264 4126 pas·

202 4140 298 4232 sivae,
316 4141 414 4228 hujus
433 4141 529 4208 verbi
544 4142 672 4206 formae
691 4163 759 4204 non
775 4139 883 4205 rarius
899 4162 997 4226 quam
1022 4137 1147 4206 activae
1166 4162 1264 4204 usur·

201 4257 334 4336 pantnr,
356 4257 388 4310 et
405 4243 491 4334 apud
513 4241 703 4321 nonnullos,
720 4242 812 4308 velut
828 4239 1128 4340 a'prPlutarchum,
1150 4241 1263 4332 paullo
