2846 4832
218 314 283 390 tot
537 293 541 300 '
574 299 925 386 nt'ortnurounot

221 489 401 584 permulta,
432 486 532 554 etiem
559 465 744 576 peregrinis
774 480 1059 572 superstitionibus
1094 481 1227 552 addicta
1253 497 1284 550 st

222 589 350 661 arcanis
376 586 480 655 sacris
505 585 652 671 initiata,
689 583 800 672 qualis
828 595 904 650 sunt
931 605 1073 671 quorum
1104 607 1180 651 cum
1207 609 1282 651 con·

223 707 348 783 tempto
360 687 602 756 Demosthenes
622 684 773 754 meminit
791 685 830 754 ll.
853 683 893 758 tl.
915 685 1001 750 etde
1023 689 1136 752 coron.
1158 711 1193 775 p.
1212 686 1283 770 313,

222 795 277 862 2³.
321 789 396 860 Sed
409 789 450 856 ds
469 785 524 856 bis
544 787 727 855 'accuratius
742 785 908 876 disputare
928 807 996 852 non
1017 801 1067 853 est
1083 785 1188 876 bujns
1210 785 1284 854 loci.

223 895 264 962 lu
283 891 477 960 misenum
497 901 607 956 autem
627 887 817 982 confercndi
838 899 914 954 snut
934 885 979 956 A.
999 909 1068 955 vau
1089 886 1176 954 Dale
1197 887 1286 955 Dies.

226 993 391 1082 antiquitt.
421 1006 453 1058 et
480 1011 635 1057 marmm.
662 987 785 1057 illustr.
812 1014 846 1077 p.
869 988 933 1054 728
962 1009 1033 1076 sqq.
1068 985 1221 1057 ‘Casuum
1249 988 1287 1054 ad

226 1096 351 1162 Athen.
373 1089 471 1176 Vlll,
505 1091 557 1158 10.
580 1085 761 1180 Spenltcm.
784 1087 824 1156 ad
846 1087 1020 1179 Aristoph.
1042 1083 1132 1156 Plut.
1154 1113 1191 1157 v.
1213 1091 1287 1158 ⁵⁰7.

225 1195 363 1265 Kiister.
392 1193 432 1259 ad
455 1189 551 1259 Suid.
578 1213 614 1258 v.
642 1189 767 1266 θίασος.
809 1187 955 1281 interpp.
978 1188 1019 1255 ed
1039 1187 1192 1280 Hesycb.
1217 1189 1236 1256 l
1256 1215 1289 1280 p.

228 1298 323 1364 1717.
345 1291 608 1380 neligentias.
632 1291 840 1378 arobeeolog.
863 1288 882 1357 l
902 1315 935 1381 p.
957 1293 1011 1360 92
1053 1289 1107 1358 De
1127 1290 1292 1358 sodalium

227 1395 417 1465 nominibus
437 1389 598 1476 θιασώτης
619 1389 890 1475 οῐοννθιοσῶτης
909 1389 1195 1460 οοα1.Ηοεοείὶοα.
1218 1407 1291 1482 post

228 1497 414 1592 Phrynicb.
434 1493 582 1562 Lobeclt.
603 1517 637 1582 p.
659 1489 721 1560 ttt
742 1491 825 1580 ibiq.
848 1507 930 1561 nott.
973 1492 1131 1580 Deterior
1151 1510 1201 1561 est
1225 1494 1293 1561 ios·

229 1624 284 1668 ms
306 1595 454 1680 θιοοίνης
476 1593 515 1664 in
536 1595 640 1665 iuscr.
658 1591 814 1662 Wbeler.
842 1599 877 1662 et*
894 1617 947 1684 sp.
974 1593 1146 1662 Pollucem
1166 1593 1240 1680 vt,
1260 1595 1294 1663 8.

314 1701 356 1776 εἷς
386 1698 489 1764 τοίνυν
517 1695 557 1761 τὰ
583 1693 649 1782 ispoi
671 1731 714 1745 -
734 1686 786 1779 ἥγε
813 1733 857 1746 -
876 1699 1028 1784 πανταχῇ.
1075 1695 1236 1763 lieltltcro
1257 1695 1293 1762 iu

231 1801 320 1873 Add.
342 1821 376 1890 p.
397 1799 463 1866 097
481 1795 656 1886 legendum
676 1793 808 1864 videtur
829 1807 991 1880 πανταχοῖ.
1036 1793 1101 1865 Sed
1123 1799 1297 1884 vulgatum

232 1901 311 1972 satis
333 1897 507 1965 deiendent
529 1919 611 1986 qnae
630 1895 817 1966 Bernhard.
838 1899 939 1966 habet
958 1893 1103 1990 Syutsx.
1124 1923 1159 1990 p.
1176 1900 1256 1967 350.

318 2000 356 2089 ἦ.
377 2002 433 2067 31.
465 1997 523 2086 ἐγὼ
542 1999 600 2083 μὲν
620 1995 675 2064 οὐκ
702 1997 741 2062 ἂν
761 1995 849 2084 sipost
874 1998 948 2068 scil.
969 2005 1069 2083 sorita
1090 2005 1219 2084 ποιῆσαι
1240 1997 1298 2066 csi-

233 2102 307 2186 cdv,
337 2101 463 2190 quode
484 2097 752 2191 praecedentibus
773 2099 1085 2190 subintelligendum
1106 2125 1177 2169 csse
1198 2103 1298 2168 etiam

234 2203 395 2296 particule
418 2201 528 2269 additu
549 2215 683 2288 monet,
718 2226 816 2291 quam
837 2202 970 2289 quidem
991 2227 1059 2270 non
1079 2204 1120 2269 ad
1142 2202 1298 2269 indicati·

233 2329 315 2374 vum
335 2301 423 2388 cipes
443 2304 506 2382 ¹sed
528 2304 568 2369 ed
594 2301 799 2371 infinitivum
825 2303 984 2370 omissum
1004 2303 1168 2395 pertinere
1190 2302 1300 2372 mani·
1405 2310 1406 2350 ί

234 2408 356 2474 festum
377 2418 438 2473 est.
480 2405 531 2473 lta
546 2403 629 2497 [γε.
650 2403 688 2470 in
709 2403 856 2474 Euandr.
879 2429 913 2494 p.
928 2407 1009 2475 79²:
1038 2406 1071 2472 εί
1088 2407 1299 2491 προσδοκῆσαι
1406 2459 1407 2462 ,

236 2509 287 2574 dei
301 2535 367 2592 -ς
392 2498 447 2591 dp·
470 2505 510 2571 ds
530 2503 618 2591 ὀλίγα
638 2509 769 2572 τοιαῦτα
791 2505 823 2570 ἓν
838 2511 883 2594 τῷ
896 2507 1025 2574 ἔνιαοτῶ
1046 2505 1299 2594 διαπράξασθαις

237 2607 295 2696 ἐγὼ
320 2609 377 2693 μὲν
408 2605 468 2698 γὰρ
500 2603 556 2675 οὐκ
583 2605 621 2672 dv
650 2604 747 2692 οἶμαι.
789 2608 877 2677 l’lat.
899 2605 1033 2696 Proteg.
1055 2635 1089 2698 p.
1112 2609 1197 2678 122:
1228 2605 1299 2684 οὐδ’,

238 2712 278 2777 ἂν
309 2707 351 2786 εἷς
380 2709 507 2796 φανείη·
536 2706 609 2775 οὐδέ
636 2706 669 2794 γ’
691 2707 730 2774 ἂν
751 2704 848 2795 οἶμαι.
891 2707 945 2782 (li.
967 2709 1091 2778 Mettis..
1108 2733 1160 2800 gt.
1183 2709 1243 2777 Gr.
1264 2733 1297 2798 p.

238 2812 335 2880 1202.
348 2849 394 2862 -
414 2807 497 2878 Mox
510 2807 666 2878 liciskius
688 2809 724 2876 in
738 2809 792 2878 bis
813 2807 891 2875 nolti
910 2815 1030 2895 μᾶλλον
1051 2809 1213 2898 προσήκειν
1232 2810 1299 2896 ίμοί
1405 2833 1407 2884 g

237 2912 257 2998 ἢ
279 2918 323 3000 τῷ
345 2911 488 2988 Κλέωνος
515 2909 577 2976 olei
593 2925 648 2977 aut
668 2929 741 3000 post
768 2909 840 2996 ἐμοί
858 2928 915 2980 aut
935 2928 1009 3003 post
1029 2913 1091 2980 viai
1108 2913 1219 2980 deesse
1239 2937 1299 3003 pu·

238 3027 286 3080 tat
305 3019 367 3078 τῶν
396 3014 519 3079 ἐκείνου.
561 3011 665 3097 Atqui
686 3013 751 3079 hoc
781 3036 799 3080 e
826 3014 1094 3104 praecedentibus
1114 3029 1183 3082 tem
1202 3013 1299 3082 facila

239 3113 518 3203 subintelligitur,
545 3126 583 3179 nt
603 3112 680 3179 eddi
700 3113 789 3182 nihil
811 3139 892 3208 opus
913 3117 1025 3186 suerit.

326 3219 360 3300 ἦ.
379 3219 434 3286 39.
457 3216 563 3289 οἵτινες
584 3212 664 3280 οὕτω
685 3215 828 3285 διέκειντο
840 3217 917 3306 πρὸς
938 3215 1044 3287 αὐτόν.
1086 3215 1226 3288 Reiskio
1245 3214 1301 3300 ptis

240 3333 313 3412 post
334 3316 416 3384 ositos
436 3315 711 3405 interponendum
731 3319 882 3401 videtur,
913 3335 1045 3408 practer
1064 3319 1301 3386 necessitatem.

240 3418 321 3487 Viti.
345 3419 385 3484 sd
409 3441 458 3502 or.
481 3417 521 3483 de
542 3415 685 3488 Philoct.
706 3421 779 3488 lter.
803 3422 840 3511 f.
855 3420 909 3488 44.
953 3421 1051 3510 Quod
1066 3421 1213 3508 sequitur
1226 3413 1304 3506 πρό-

242 3546 331 3606 τερον
349 3517 400 3584 ἐπὶ
420 3515 477 3601 τὴν
497 3516 604 3584 οὐσίαν
624 3513 725 3606 ἦλθον
746 3523 817 3609 πρὶν
838 3523 939 3612 ἐκείνῳ
960 3521 1000 3589 τὰ
1015 3519 1197 3606 νομιζόμενοι
1218 3525 1303 3603 ποιῆ-

243 3645 298 3690 οιιι
318 3619 441 3685 dictum
472 3636 520 3688 est
546 3645 591 3688 ex
610 3647 673 3691 usn
703 3647 772 3691 nou
794 3624 994 3693 Graecorum
1022 3637 1151 3692 tantum
1171 3621 1306 3710 linguas

243 3719 398 3814 proprio,
430 3721 486 3788 sed
509 3725 593 3813 apud
616 3723 752 3792 Latinos
774 3748 900 3814 quoquc
929 3743 960 3795 st
980 3741 1139 3793 nostrates
1159 3725 1307 3810 aliosque

243 3837 440 3913 pervagato,
467 3840 505 3892 ut
524 3829 616 3916 prius
637 3825 761 3914 aliquid
783 3826 1063 3894 fectumdicamus
1083 3850 1184 3914 quam
1202 3824 1308 3908 aliud,

245 3921 375 3989 etiamsi
395 3923 459 3993 hoc
472 3925 607 4015 quidem
622 3925 713 3993 eliud
729 3952 896 4016 nunquam
916 3930 1039 3996 factum
1053 3927 1108 3994 sit.
1149 3927 1201 3994 Ite
1211 3925 1310 3994 Plato

246 4013 382 4096 [achei.
403 4051 437 4118 p.
460 4029 525 4095 180
545 4034 578 4109 9.
600 4025 641 4096 4:
674 4028 726 4094 καί
746 4027 894 4117 πρότερον
914 4030 1024 4106 ἐκεῖνος
1042 4026 1217 4112 ’scelerisque
1236 4027 1311 4114 spir

245 4151 276 4192 τι
296 4125 363 4209 ἐμοὶ
384 4130 585 4213 διενεχθῆναι.
627 4127 711 4220 Lys.
731 4130 770 4199 in
786 4129 954 4199 Eratosth.
976 4157 1008 4223 p.
1025 4130 1109 4200 3942
1141 4123 1313 4214 Πολεμάρ-

246 4251 292 4317 χῳ
317 4228 353 4294 dl
377 4227 582 4316 παρήγγειλαν
608 4231 639 4298 oi
669 4229 834 4320 τριάκοντα
855 4230 890 4300 νδ
922 4231 974 4298 ἐπ’
995 4233 1115 4301 ἐκείνων
1135 4215 1314 4316 είθισμίνεῖν
