<?xml version="1.0" encoding="UTF-8"?>
<!DOCTYPE html PUBLIC "-//W3C//DTD XHTML 1.0 Transitional//EN"
    "http://www.w3.org/TR/xhtml1/DTD/xhtml1-transitional.dtd">
<html xmlns="http://www.w3.org/1999/xhtml" xml:lang="en" lang="en">
 <head>
  <title>
</title>
<meta http-equiv="Content-Type" content="text/html;charset=utf-8" />
  <meta name='ocr-system' content='tesseract 3.04.00' />
  <meta name='ocr-capabilities' content='ocr_page ocr_carea ocr_par ocr_line ocrx_word'/>
</head>
<body>
  <div class='ocr_page' id='page_1' title='image "./isaeiorationesx01isaegoog_0415.png"; bbox 0 0 2846 4832; ppageno 0'>
   <div class='ocr_carea' id='block_1_1' title="bbox 193 269 976 400">
    <p class='ocr_par' dir='ltr' id='par_1_1' title="bbox 193 269 976 400">
     <span class='ocr_line' id='line_1_1' title="bbox 193 269 976 400; baseline -0.013 1"><span class='ocrx_word' id='word_1_1' title='bbox 193 269 197 278; x_wconf 94' lang='lat'><em>·</em></span> <span class='ocrx_word' id='word_1_2' title='bbox 243 331 308 400; x_wconf 84' lang='grc'>396</span> <span class='ocrx_word' id='word_1_3' title='bbox 595 325 644 394; x_wconf 84' lang='grc' dir='ltr'>ΙΝ</span> <span class='ocrx_word' id='word_1_4' title='bbox 665 311 944 394; x_wconf 71' lang='grc' dir='ltr'><strong>ΟΗᾸΤΙΟΝΕΜ</strong></span> <span class='ocrx_word' id='word_1_5' title='bbox 974 323 976 330; x_wconf 80' lang='grc'><em>’</em></span> 
     </span>
    </p>
   </div>
   <div class='ocr_carea' id='block_1_2' title="bbox 207 491 1401 888">
    <p class='ocr_par' dir='ltr' id='par_1_2' title="bbox 207 491 1401 883">
     <span class='ocr_line' id='line_1_2' title="bbox 243 491 1401 612; baseline -0.006 -46"><span class='ocrx_word' id='word_1_6' title='bbox 243 495 443 585; x_wconf 83' lang='lat' dir='ltr'>temporibus</span> <span class='ocrx_word' id='word_1_7' title='bbox 454 495 534 562; x_wconf 88' lang='lat' dir='ltr'>bero</span> <span class='ocrx_word' id='word_1_8' title='bbox 548 495 757 612; x_wconf 85' lang='lat' dir='ltr'>persolvunt,</span> <span class='ocrx_word' id='word_1_9' title='bbox 787 507 1019 580; x_wconf 85' lang='lat' dir='ltr'>quaevocatur</span> <span class='ocrx_word' id='word_1_10' title='bbox 1035 491 1195 579; x_wconf 79' lang='lat' dir='ltr'>dnoqopd,</span> <span class='ocrx_word' id='word_1_11' title='bbox 1225 517 1302 583; x_wconf 86' lang='lat' dir='ltr'>par·</span> <span class='ocrx_word' id='word_1_12' title='bbox 1400 533 1401 548; x_wconf 48' lang='grc' dir='ltr'><strong><em>ι</em></strong></span> 
     </span>
     <span class='ocr_line' id='line_1_3' title="bbox 241 593 1300 686; baseline -0.004 -22"><span class='ocrx_word' id='word_1_13' title='bbox 241 597 304 664; x_wconf 87' lang='lat' dir='ltr'>tim</span> <span class='ocrx_word' id='word_1_14' title='bbox 319 595 479 686; x_wconf 79' lang='lat' dir='ltr'>operarii,</span> <span class='ocrx_word' id='word_1_15' title='bbox 501 619 558 682; x_wconf 90' lang='lat' dir='ltr'>qu1</span> <span class='ocrx_word' id='word_1_16' title='bbox 548 593 645 660; x_wconf 87' lang='lat' dir='ltr'>aliis</span> <span class='ocrx_word' id='word_1_17' title='bbox 654 597 850 666; x_wconf 80' lang='lat' dir='ltr'>¹.elocantur</span> <span class='ocrx_word' id='word_1_18' title='bbox 868 593 948 660; x_wconf 88' lang='lat' dir='ltr'>Vid.</span> <span class='ocrx_word' id='word_1_19' title='bbox 963 593 1112 662; x_wconf 82' lang='lat' dir='ltr'>Boeckb.</span> <span class='ocrx_word' id='word_1_20' title='bbox 1129 595 1170 660; x_wconf 88' lang='lat' dir='ltr'>de</span> <span class='ocrx_word' id='word_1_21' title='bbox 1187 619 1300 661; x_wconf 87' lang='lat' dir='ltr'>oecon.</span> 
     </span>
     <span class='ocr_line' id='line_1_4' title="bbox 207 687 1301 788; baseline -0.005 -23"><span class='ocrx_word' id='word_1_22' title='bbox 207 687 216 705; x_wconf 61' lang='lat'>⁸</span> <span class='ocrx_word' id='word_1_23' title='bbox 242 723 272 766; x_wconf 88' lang='lat' dir='ltr'>r.</span> <span class='ocrx_word' id='word_1_24' title='bbox 261 721 327 788; x_wconf 91' lang='lat' dir='ltr'>..p</span> <span class='ocrx_word' id='word_1_25' title='bbox 349 699 394 765; x_wconf 80' lang='lat' dir='ltr'>A.</span> <span class='ocrx_word' id='word_1_26' title='bbox 417 695 434 762; x_wconf 94' lang='lat' dir='ltr'>l</span> <span class='ocrx_word' id='word_1_27' title='bbox 464 722 498 785; x_wconf 91' lang='lat' dir='ltr'>p.</span> <span class='ocrx_word' id='word_1_28' title='bbox 519 697 572 762; x_wconf 85' lang='grc'>78.</span> <span class='ocrx_word' id='word_1_29' title='bbox 594 695 682 763; x_wconf 79' lang='lat' dir='ltr'>Add.</span> <span class='ocrx_word' id='word_1_30' title='bbox 711 693 894 762; x_wconf 74' lang='lat' dir='ltr'><strong>casaubon.</strong></span> <span class='ocrx_word' id='word_1_31' title='bbox 921 693 964 760; x_wconf 89' lang='lat' dir='ltr'>ad</span> <span class='ocrx_word' id='word_1_32' title='bbox 996 694 1167 784; x_wconf 82' lang='lat' dir='ltr'>Theophr.</span> <span class='ocrx_word' id='word_1_33' title='bbox 1198 695 1301 762; x_wconf 79' lang='lat' dir='ltr'>Char.</span> 
     </span>
     <span class='ocr_line' id='line_1_5' title="bbox 242 783 1303 888; baseline -0.006 -22"><span class='ocrx_word' id='word_1_34' title='bbox 242 823 272 866; x_wconf 88' lang='lat' dir='ltr'>c.</span> <span class='ocrx_word' id='word_1_35' title='bbox 285 802 328 866; x_wconf 84' lang='grc'>22</span> <span class='ocrx_word' id='word_1_36' title='bbox 348 812 381 864; x_wconf 85' lang='lat' dir='ltr'>et</span> <span class='ocrx_word' id='word_1_37' title='bbox 394 797 520 876; x_wconf 87' lang='lat' dir='ltr'><strong>Pollux</strong></span> <span class='ocrx_word' id='word_1_38' title='bbox 531 795 609 880; x_wconf 87' lang='lat' dir='ltr'>Vll,</span> <span class='ocrx_word' id='word_1_39' title='bbox 632 783 695 863; x_wconf 86' lang='lat'>13&#39;0</span> <span class='ocrx_word' id='word_1_40' title='bbox 709 821 842 888; x_wconf 78' lang='lat' dir='ltr'>sqq.-</span> <span class='ocrx_word' id='word_1_41' title='bbox 798 797 1038 871; x_wconf 83' lang='grc' dir='ltr'><strong><em>-Παιδίοιιας</em></strong></span> <span class='ocrx_word' id='word_1_42' title='bbox 1059 797 1209 864; x_wconf 88' lang='lat' dir='ltr'>diversas</span> <span class='ocrx_word' id='word_1_43' title='bbox 1233 819 1303 862; x_wconf 88' lang='lat' dir='ltr'>esse</span> 
     </span>
    </p>
   </div>
   <div class='ocr_carea' id='block_1_3' title="bbox 241 897 1302 986">
    <p class='ocr_par' dir='ltr' id='par_1_3' title="bbox 241 897 1302 986">
     <span class='ocr_line' id='line_1_6' title="bbox 241 897 1302 986; baseline -0.004 -20"><span class='ocrx_word' id='word_1_44' title='bbox 241 923 262 966; x_wconf 89' lang='grc' dir='ltr'>ιι</span> <span class='ocrx_word' id='word_1_45' title='bbox 288 898 492 984; x_wconf 77' lang='grc' dir='ltr'><strong><em>θεραπαίναις</em></strong></span> <span class='ocrx_word' id='word_1_46' title='bbox 517 922 561 964; x_wconf 90' lang='lat' dir='ltr'>ex</span> <span class='ocrx_word' id='word_1_47' title='bbox 581 897 682 964; x_wconf 90' lang='lat' dir='ltr'>boc</span> <span class='ocrx_word' id='word_1_48' title='bbox 670 921 743 985; x_wconf 77' lang='lat' dir='ltr'>ipso</span> <span class='ocrx_word' id='word_1_49' title='bbox 771 899 844 964; x_wconf 92' lang='lat' dir='ltr'>loco</span> <span class='ocrx_word' id='word_1_50' title='bbox 871 897 951 964; x_wconf 87' lang='lat' dir='ltr'>satis</span> <span class='ocrx_word' id='word_1_51' title='bbox 982 914 1126 986; x_wconf 85' lang='lat' dir='ltr'>apparet.</span> <span class='ocrx_word' id='word_1_52' title='bbox 1168 898 1302 964; x_wconf 87' lang='lat' dir='ltr'>Distin-</span> 
     </span>
    </p>
   </div>
   <div class='ocr_carea' id='block_1_4' title="bbox 241 997 1401 1089">
    <p class='ocr_par' dir='ltr' id='par_1_4' title="bbox 241 997 1401 1089">
     <span class='ocr_line' id='line_1_7' title="bbox 241 997 1401 1089; baseline -0.004 -23"><span class='ocrx_word' id='word_1_53' title='bbox 241 1015 388 1087; x_wconf 83' lang='lat' dir='ltr'>guuntur</span> <span class='ocrx_word' id='word_1_54' title='bbox 414 999 493 1066; x_wconf 91' lang='lat' dir='ltr'>item</span> <span class='ocrx_word' id='word_1_55' title='bbox 520 1000 604 1087; x_wconf 87' lang='lat' dir='ltr'>apud</span> <span class='ocrx_word' id='word_1_56' title='bbox 625 997 764 1089; x_wconf 78' lang='lat' dir='ltr'>Lysiam</span> <span class='ocrx_word' id='word_1_57' title='bbox 786 1000 826 1064; x_wconf 90' lang='lat' dir='ltr'>dc</span> <span class='ocrx_word' id='word_1_58' title='bbox 855 999 947 1066; x_wconf 87' lang='lat' dir='ltr'>caed.</span> <span class='ocrx_word' id='word_1_59' title='bbox 968 997 1155 1082; x_wconf 62' lang='lat' dir='ltr'>Eratosth„</span> <span class='ocrx_word' id='word_1_60' title='bbox 1187 998 1300 1088; x_wconf 90' lang='lat' dir='ltr'>ubip.</span> <span class='ocrx_word' id='word_1_61' title='bbox 1400 1019 1401 1028; x_wconf 55' lang='lat'>¹</span> 
     </span>
    </p>
   </div>
   <div class='ocr_carea' id='block_1_5' title="bbox 242 1045 1301 1196">
    <p class='ocr_par' dir='ltr' id='par_1_5' title="bbox 242 1045 1301 1196">
     <span class='ocr_line' id='line_1_8' title="bbox 242 1045 1301 1196; baseline -0.003 -29"><span class='ocrx_word' id='word_1_62' title='bbox 242 1103 282 1196; x_wconf 88' lang='grc'>11</span> <span class='ocrx_word' id='word_1_63' title='bbox 298 1117 329 1168; x_wconf 88' lang='lat' dir='ltr'>et</span> <span class='ocrx_word' id='word_1_64' title='bbox 347 1103 388 1170; x_wconf 89' lang='grc'>19</span> <span class='ocrx_word' id='word_1_65' title='bbox 400 1100 494 1169; x_wconf 84' lang='lat' dir='ltr'>vides</span> <span class='ocrx_word' id='word_1_66' title='bbox 514 1095 708 1184; x_wconf 73' lang='grc' dir='ltr'><strong><em>θεράπαιναν</em></strong></span> <span class='ocrx_word' id='word_1_67' title='bbox 729 1098 785 1183; x_wconf 79' lang='grc' dir='ltr'>τὴν</span> <span class='ocrx_word' id='word_1_68' title='bbox 806 1097 880 1175; x_wconf 74' lang='grc' dir='ltr'>εἰς’</span> <span class='ocrx_word' id='word_1_69' title='bbox 861 1097 978 1184; x_wconf 79' lang='grc' dir='ltr'><strong><em>αγορὰν</em></strong></span> <span class='ocrx_word' id='word_1_70' title='bbox 990 1045 1195 1178; x_wconf 70' lang='grc' dir='ltr'><strong><em>βαδίζοοσίιν,</em></strong></span> <span class='ocrx_word' id='word_1_71' title='bbox 1218 1123 1301 1185; x_wconf 83' lang='lat' dir='ltr'>quae</span> 
     </span>
    </p>
   </div>
   <div class='ocr_carea' id='block_1_6' title="bbox 241 1185 1401 1386">
    <p class='ocr_par' dir='ltr' id='par_1_6' title="bbox 241 1185 1401 1386">
     <span class='ocr_line' id='line_1_9' title="bbox 241 1185 1401 1318; baseline -0.006 -47"><span class='ocrx_word' id='word_1_72' title='bbox 241 1185 436 1285; x_wconf 83' lang='lat' dir='ltr'>obsonatur,</span> <span class='ocrx_word' id='word_1_73' title='bbox 458 1202 797 1318; x_wconf 33' lang='grc' dir='ltr'><strong><em>οοιιιιαιιαιίίοκηνοΡ.</em></strong></span> <span class='ocrx_word' id='word_1_74' title='bbox 818 1198 871 1283; x_wconf 79' lang='lat'>14,</span> <span class='ocrx_word' id='word_1_75' title='bbox 893 1199 1025 1286; x_wconf 81' lang='lat' dir='ltr'>quaein</span> <span class='ocrx_word' id='word_1_76' title='bbox 1043 1201 1220 1267; x_wconf 84' lang='lat' dir='ltr'>coenaculo</span> <span class='ocrx_word' id='word_1_77' title='bbox 1237 1199 1303 1265; x_wconf 90' lang='lat' dir='ltr'>mi·</span> <span class='ocrx_word' id='word_1_78' title='bbox 1400 1215 1401 1230; x_wconf 77' lang='lat'>³</span> 
     </span>
     <span class='ocr_line' id='line_1_10' title="bbox 241 1300 1401 1386; baseline -0.003 -16"><span class='ocrx_word' id='word_1_79' title='bbox 241 1304 368 1370; x_wconf 82' lang='lat' dir='ltr'>nistrat.</span> <span class='ocrx_word' id='word_1_80' title='bbox 417 1301 460 1368; x_wconf 91' lang='lat' dir='ltr'>Et</span> <span class='ocrx_word' id='word_1_81' title='bbox 486 1300 642 1368; x_wconf 80' lang='lat' dir='ltr'>videntur</span> <span class='ocrx_word' id='word_1_82' title='bbox 667 1302 801 1368; x_wconf 87' lang='lat' dir='ltr'>omuino</span> <span class='ocrx_word' id='word_1_83' title='bbox 829 1302 986 1366; x_wconf 80' lang='grc' dir='ltr'><strong><em>παιδίσκαι</em></strong></span> <span class='ocrx_word' id='word_1_84' title='bbox 1015 1301 1235 1386; x_wconf 78' lang='lat' dir='ltr'>elegantiores</span> <span class='ocrx_word' id='word_1_85' title='bbox 1265 1326 1302 1367; x_wconf 83' lang='lat' dir='ltr'>ac</span> <span class='ocrx_word' id='word_1_86' title='bbox 1400 1375 1401 1382; x_wconf 15' lang='grc' dir='ltr'><strong>Ρ</strong></span> 
     </span>
    </p>
   </div>
   <div class='ocr_carea' id='block_1_7' title="bbox 238 1401 1304 2004">
    <p class='ocr_par' dir='ltr' id='par_1_7' title="bbox 238 1401 1304 2004">
     <span class='ocr_line' id='line_1_11' title="bbox 240 1401 1302 1502; baseline -0.001 -32"><span class='ocrx_word' id='word_1_87' title='bbox 240 1404 445 1472; x_wconf 80' lang='lat' dir='ltr'>delicatiores</span> <span class='ocrx_word' id='word_1_88' title='bbox 458 1402 575 1502; x_wconf 78' lang='lat' dir='ltr'>fqisse,</span> <span class='ocrx_word' id='word_1_89' title='bbox 597 1403 755 1468; x_wconf 80' lang='lat' dir='ltr'>viliorum</span> <span class='ocrx_word' id='word_1_90' title='bbox 767 1402 974 1472; x_wconf 85' lang='lat' dir='ltr'>officiorum</span> <span class='ocrx_word' id='word_1_91' title='bbox 963 1427 1138 1469; x_wconf 81' lang='lat' dir='ltr'>immunes.</span> <span class='ocrx_word' id='word_1_92' title='bbox 1159 1441 1205 1452; x_wconf 92' lang='lat'>-—-</span> <span class='ocrx_word' id='word_1_93' title='bbox 1224 1401 1302 1472; x_wconf 80' lang='lat' dir='ltr'>lam</span> 
     </span>
     <span class='ocr_line' id='line_1_12' title="bbox 239 1502 1304 1593; baseline -0.004 -19"><span class='ocrx_word' id='word_1_94' title='bbox 239 1507 358 1574; x_wconf 82' lang='lat' dir='ltr'>horum</span> <span class='ocrx_word' id='word_1_95' title='bbox 380 1503 528 1572; x_wconf 87' lang='lat' dir='ltr'>omnium</span> <span class='ocrx_word' id='word_1_96' title='bbox 548 1527 660 1571; x_wconf 88' lang='lat' dir='ltr'>rerum</span> <span class='ocrx_word' id='word_1_97' title='bbox 681 1503 873 1571; x_wconf 86' lang='lat' dir='ltr'>universum</span> <span class='ocrx_word' id='word_1_98' title='bbox 893 1502 1037 1593; x_wconf 86' lang='lat' dir='ltr'>pretinm</span> <span class='ocrx_word' id='word_1_99' title='bbox 1055 1505 1158 1571; x_wconf 85' lang='lat' dir='ltr'>fuisse</span> <span class='ocrx_word' id='word_1_100' title='bbox 1180 1505 1304 1570; x_wconf 88' lang='lat' dir='ltr'>dicitur</span> 
     </span>
     <span class='ocr_line' id='line_1_13' title="bbox 240 1603 1302 1692; baseline -0.002 -18"><span class='ocrx_word' id='word_1_101' title='bbox 240 1607 331 1674; x_wconf 76' lang='grc' dir='ltr'><strong><em>πλέον</em></strong></span> <span class='ocrx_word' id='word_1_102' title='bbox 351 1603 571 1689; x_wconf 73' lang='grc' dir='ltr'><strong><em>ἢ·ίνενήιιοντα</em></strong></span> <span class='ocrx_word' id='word_1_103' title='bbox 592 1608 695 1690; x_wconf 82' lang='grc' dir='ltr'><strong><em>μνῶν,</em></strong></span> <span class='ocrx_word' id='word_1_104' title='bbox 723 1605 759 1670; x_wconf 89' lang='lat' dir='ltr'>in</span> <span class='ocrx_word' id='word_1_105' title='bbox 782 1629 844 1692; x_wconf 82' lang='lat' dir='ltr'>qna</span> <span class='ocrx_word' id='word_1_106' title='bbox 866 1605 1106 1691; x_wconf 83' lang='lat' dir='ltr'>computatione</span> <span class='ocrx_word' id='word_1_107' title='bbox 1128 1629 1302 1673; x_wconf 87' lang='lat' dir='ltr'>servornm</span> 
     </span>
     <span class='ocr_line' id='line_1_14' title="bbox 238 1696 1301 1798; baseline -0.002 -24"><span class='ocrx_word' id='word_1_108' title='bbox 238 1707 381 1798; x_wconf 86' lang='lat' dir='ltr'>pretium</span> <span class='ocrx_word' id='word_1_109' title='bbox 397 1729 465 1774; x_wconf 91' lang='grc' dir='ltr'><strong><em>ιιοιι</em></strong></span> <span class='ocrx_word' id='word_1_110' title='bbox 479 1722 686 1773; x_wconf 84' lang='lat' dir='ltr'>numeratum</span> <span class='ocrx_word' id='word_1_111' title='bbox 697 1730 766 1774; x_wconf 84' lang='lat' dir='ltr'>esse</span> <span class='ocrx_word' id='word_1_112' title='bbox 782 1696 926 1796; x_wconf 69' lang='lat' dir='ltr'>apparet.</span> <span class='ocrx_word' id='word_1_113' title='bbox 944 1729 947 1740; x_wconf 91' lang='lat'>·</span> <span class='ocrx_word' id='word_1_114' title='bbox 968 1705 1054 1774; x_wconf 84' lang='lat' dir='ltr'>Nam</span> <span class='ocrx_word' id='word_1_115' title='bbox 1067 1706 1202 1794; x_wconf 85' lang='lat' dir='ltr'>praedia</span> <span class='ocrx_word' id='word_1_116' title='bbox 1217 1709 1301 1792; x_wconf 87' lang='lat' dir='ltr'>sola,</span> 
     </span>
     <span class='ocr_line' id='line_1_15' title="bbox 238 1806 1300 1894; baseline -0.005 -16"><span class='ocrx_word' id='word_1_117' title='bbox 238 1811 365 1878; x_wconf 81' lang='lat' dir='ltr'>urbana</span> <span class='ocrx_word' id='word_1_118' title='bbox 392 1821 423 1874; x_wconf 89' lang='lat' dir='ltr'>et</span> <span class='ocrx_word' id='word_1_119' title='bbox 451 1807 591 1888; x_wconf 78' lang='lat' dir='ltr'>rustica,</span> <span class='ocrx_word' id='word_1_120' title='bbox 605 1808 785 1874; x_wconf 88' lang='lat' dir='ltr'>·minarum</span> <span class='ocrx_word' id='word_1_121' title='bbox 813 1823 889 1874; x_wconf 86' lang='lat' dir='ltr'>sunt</span> <span class='ocrx_word' id='word_1_122' title='bbox 916 1806 1018 1872; x_wconf 86' lang='lat' dir='ltr'>trium</span> <span class='ocrx_word' id='word_1_123' title='bbox 1040 1824 1072 1872; x_wconf 89' lang='lat' dir='ltr'>et</span> <span class='ocrx_word' id='word_1_124' title='bbox 1098 1809 1300 1894; x_wconf 79' lang='lat' dir='ltr'>nonaginta3</span> 
     </span>
     <span class='ocr_line' id='line_1_16' title="bbox 239 1907 1302 2004; baseline 0 -29"><span class='ocrx_word' id='word_1_125' title='bbox 239 1909 329 1976; x_wconf 87' lang='lat' dir='ltr'>servi</span> <span class='ocrx_word' id='word_1_126' title='bbox 349 1931 475 1994; x_wconf 88' lang='lat' dir='ltr'>quoque</span> <span class='ocrx_word' id='word_1_127' title='bbox 496 1923 527 1974; x_wconf 89' lang='lat' dir='ltr'>et</span> <span class='ocrx_word' id='word_1_128' title='bbox 547 1908 687 1975; x_wconf 84' lang='lat' dir='ltr'>ancillae</span> <span class='ocrx_word' id='word_1_129' title='bbox 707 1909 738 2004; x_wconf 85' lang='lat' dir='ltr'>si</span> <span class='ocrx_word' id='word_1_130' title='bbox 758 1909 971 1987; x_wconf 79' lang='lat' dir='ltr'>accesserint,</span> <span class='ocrx_word' id='word_1_131' title='bbox 993 1907 1102 1974; x_wconf 81' lang='lat' dir='ltr'>minae</span> <span class='ocrx_word' id='word_1_132' title='bbox 1116 1909 1302 1975; x_wconf 87' lang='lat' dir='ltr'>efficiuntur</span> 
     </span>
    </p>
   </div>
   <div class='ocr_carea' id='block_1_8' title="bbox 239 2005 1401 2100">
    <p class='ocr_par' dir='ltr' id='par_1_8' title="bbox 239 2005 1401 2100">
     <span class='ocr_line' id='line_1_17' title="bbox 239 2005 1401 2100; baseline -0.003 -24"><span class='ocrx_word' id='word_1_133' title='bbox 239 2007 329 2076; x_wconf 79' lang='lat' dir='ltr'>cvl.</span> <span class='ocrx_word' id='word_1_134' title='bbox 374 2005 439 2076; x_wconf 84' lang='lat' dir='ltr'>Sed</span> <span class='ocrx_word' id='word_1_135' title='bbox 461 2009 499 2075; x_wconf 90' lang='lat' dir='ltr'>hi</span> <span class='ocrx_word' id='word_1_136' title='bbox 518 2011 650 2098; x_wconf 86' lang='lat' dir='ltr'>proprie</span> <span class='ocrx_word' id='word_1_137' title='bbox 671 2035 739 2076; x_wconf 87' lang='lat' dir='ltr'>non</span> <span class='ocrx_word' id='word_1_138' title='bbox 759 2025 834 2076; x_wconf 84' lang='lat' dir='ltr'>sunt</span> <span class='ocrx_word' id='word_1_139' title='bbox 854 2016 910 2091; x_wconf 79' lang='grc' dir='ltr'>τῆς</span> <span class='ocrx_word' id='word_1_140' title='bbox 931 2014 1065 2094; x_wconf 78' lang='grc' dir='ltr'><strong><em>φανερᾶς</em></strong></span> <span class='ocrx_word' id='word_1_141' title='bbox 1086 2008 1211 2100; x_wconf 72' lang='grc' dir='ltr'><strong><em>οὐσίας,</em></strong></span> <span class='ocrx_word' id='word_1_142' title='bbox 1235 2034 1301 2096; x_wconf 89' lang='lat' dir='ltr'>quo</span> <span class='ocrx_word' id='word_1_143' title='bbox 1400 2057 1401 2072; x_wconf 71' lang='grc'><strong>.</strong></span> 
     </span>
    </p>
   </div>
   <div class='ocr_carea' id='block_1_9' title="bbox 232 2110 1301 3008">
    <p class='ocr_par' dir='ltr' id='par_1_9' title="bbox 237 2110 1049 2198">
     <span class='ocr_line' id='line_1_18' title="bbox 237 2110 1049 2198; baseline -0.001 -21"><span class='ocrx_word' id='word_1_144' title='bbox 237 2111 372 2177; x_wconf 89' lang='lat' dir='ltr'>nomine</span> <span class='ocrx_word' id='word_1_145' title='bbox 393 2111 576 2177; x_wconf 81' lang='lat' dir='ltr'>immobilia</span> <span class='ocrx_word' id='word_1_146' title='bbox 598 2110 805 2198; x_wconf 85' lang='lat' dir='ltr'>potissimum</span> <span class='ocrx_word' id='word_1_147' title='bbox 826 2110 1049 2196; x_wconf 83' lang='lat' dir='ltr'>designantur.</span> 
     </span>
    </p>

    <p class='ocr_par' dir='ltr' id='par_1_10' title="bbox 232 2201 1301 3008">
     <span class='ocr_line' id='line_1_19' title="bbox 248 2201 1301 2300; baseline 0.004 -26"><span class='ocrx_word' id='word_1_148' title='bbox 248 2245 262 2274; x_wconf 69' lang='grc' dir='ltr'><strong><em>ι</em></strong></span> <span class='ocrx_word' id='word_1_149' title='bbox 322 2211 424 2300; x_wconf 75' lang='lat'><strong>§.36.</strong></span> <span class='ocrx_word' id='word_1_150' title='bbox 448 2213 561 2295; x_wconf 71' lang='grc' dir='ltr'><strong><em>ἐκείνην</em></strong></span> <span class='ocrx_word' id='word_1_151' title='bbox 580 2213 637 2294; x_wconf 73' lang='grc' dir='ltr'>μὲν</span> <span class='ocrx_word' id='word_1_152' title='bbox 656 2211 716 2298; x_wconf 73' lang='grc' dir='ltr'>γὰρ</span> <span class='ocrx_word' id='word_1_153' title='bbox 738 2201 949 2288; x_wconf 34' lang='grc' dir='ltr'><strong><em>οὐκὶίξεδίιίοο</em></strong></span> <span class='ocrx_word' id='word_1_154' title='bbox 970 2250 1023 2281; x_wconf 85' lang='grc'>--.</span> <span class='ocrx_word' id='word_1_155' title='bbox 1052 2211 1212 2278; x_wconf 82' lang='lat' dir='ltr'>Videmus</span> <span class='ocrx_word' id='word_1_156' title='bbox 1233 2211 1301 2300; x_wconf 86' lang='lat' dir='ltr'>igi·</span> 
     </span>
     <span class='ocr_line' id='line_1_20' title="bbox 237 2313 1301 2406; baseline 0.001 -27"><span class='ocrx_word' id='word_1_157' title='bbox 237 2329 292 2380; x_wconf 84' lang='lat' dir='ltr'>tur</span> <span class='ocrx_word' id='word_1_158' title='bbox 311 2315 375 2380; x_wconf 90' lang='lat' dir='ltr'>hoc</span> <span class='ocrx_word' id='word_1_159' title='bbox 395 2313 478 2406; x_wconf 84' lang='lat' dir='ltr'>juris</span> <span class='ocrx_word' id='word_1_160' title='bbox 498 2313 599 2381; x_wconf 72' lang='lat' dir='ltr'>fluisse</span> <span class='ocrx_word' id='word_1_161' title='bbox 621 2329 652 2380; x_wconf 92' lang='lat' dir='ltr'>et</span> <span class='ocrx_word' id='word_1_162' title='bbox 664 2315 766 2398; x_wconf 82' lang='lat' dir='ltr'>vulgo</span> <span class='ocrx_word' id='word_1_163' title='bbox 779 2313 853 2379; x_wconf 88' lang='lat' dir='ltr'>fieri</span> <span class='ocrx_word' id='word_1_164' title='bbox 873 2313 1026 2397; x_wconf 83' lang='lat' dir='ltr'>solitum,</span> <span class='ocrx_word' id='word_1_165' title='bbox 1055 2328 1091 2378; x_wconf 91' lang='lat' dir='ltr'>ut</span> <span class='ocrx_word' id='word_1_166' title='bbox 1108 2336 1196 2378; x_wconf 85' lang='lat' dir='ltr'>uxor</span> <span class='ocrx_word' id='word_1_167' title='bbox 1217 2339 1301 2401; x_wconf 85' lang='lat' dir='ltr'>quae</span> 
     </span>
     <span class='ocr_line' id='line_1_21' title="bbox 236 2415 1299 2510; baseline 0.001 -30"><span class='ocrx_word' id='word_1_168' title='bbox 236 2439 352 2504; x_wconf 82' lang='lat' dir='ltr'>parcre</span> <span class='ocrx_word' id='word_1_169' title='bbox 379 2416 485 2482; x_wconf 84' lang='lat' dir='ltr'>adhuc</span> <span class='ocrx_word' id='word_1_170' title='bbox 510 2441 570 2505; x_wconf 88' lang='lat' dir='ltr'>per</span> <span class='ocrx_word' id='word_1_171' title='bbox 590 2429 728 2510; x_wconf 83' lang='lat' dir='ltr'>aetatem</span> <span class='ocrx_word' id='word_1_172' title='bbox 756 2429 884 2503; x_wconf 86' lang='lat' dir='ltr'>posset,</span> <span class='ocrx_word' id='word_1_173' title='bbox 918 2415 1032 2483; x_wconf 77' lang='lat' dir='ltr'>avico</span> <span class='ocrx_word' id='word_1_174' title='bbox 1053 2415 1181 2480; x_wconf 84' lang='lat' dir='ltr'>seniore</span> <span class='ocrx_word' id='word_1_175' title='bbox 1204 2417 1299 2481; x_wconf 79' lang='lat' dir='ltr'>etad</span> 
     </span>
     <span class='ocr_line' id='line_1_22' title="bbox 232 2515 1299 2606; baseline 0.001 -24"><span class='ocrx_word' id='word_1_176' title='bbox 232 2515 358 2602; x_wconf 92' lang='lat' dir='ltr'>liberos</span> <span class='ocrx_word' id='word_1_177' title='bbox 389 2517 608 2604; x_wconf 78' lang='lat' dir='ltr'>procreandos</span> <span class='ocrx_word' id='word_1_178' title='bbox 640 2541 706 2586; x_wconf 90' lang='lat' dir='ltr'>nou</span> <span class='ocrx_word' id='word_1_179' title='bbox 733 2516 801 2606; x_wconf 87' lang='lat' dir='ltr'>jam</span> <span class='ocrx_word' id='word_1_180' title='bbox 828 2515 949 2582; x_wconf 90' lang='lat' dir='ltr'>idoneo</span> <span class='ocrx_word' id='word_1_181' title='bbox 975 2515 1163 2583; x_wconf 80' lang='lat' dir='ltr'>diverteret.</span> <span class='ocrx_word' id='word_1_182' title='bbox 1185 2555 1229 2566; x_wconf 88' lang='lat'><em>-</em></span> <span class='ocrx_word' id='word_1_183' title='bbox 1258 2519 1299 2583; x_wconf 90' lang='lat' dir='ltr'>ln</span> 
     </span>
     <span class='ocr_line' id='line_1_23' title="bbox 235 2615 1300 2710; baseline -0.001 -24"><span class='ocrx_word' id='word_1_184' title='bbox 235 2617 444 2706; x_wconf 83' lang='lat' dir='ltr'>sequentibus</span> <span class='ocrx_word' id='word_1_185' title='bbox 470 2619 613 2694; x_wconf 79' lang='lat' dir='ltr'>notanda</span> <span class='ocrx_word' id='word_1_186' title='bbox 640 2617 778 2710; x_wconf 81' lang='lat' dir='ltr'>subjecti</span> <span class='ocrx_word' id='word_1_187' title='bbox 799 2618 951 2708; x_wconf 83' lang='lat' dir='ltr'>mutatio:</span> <span class='ocrx_word' id='word_1_188' title='bbox 985 2615 1184 2698; x_wconf 76' lang='grc' dir='ltr'><strong><em>βουλεύσαιτο</em></strong></span> <span class='ocrx_word' id='word_1_189' title='bbox 1207 2619 1300 2686; x_wconf 90' lang='lat' dir='ltr'>enim</span> 
     </span>
     <span class='ocr_line' id='line_1_24' title="bbox 234 2717 1296 2809; baseline 0.002 -25"><span class='ocrx_word' id='word_1_190' title='bbox 234 2743 304 2786; x_wconf 88' lang='lat' dir='ltr'>non</span> <span class='ocrx_word' id='word_1_191' title='bbox 334 2719 476 2809; x_wconf 86' lang='lat' dir='ltr'>amplius</span> <span class='ocrx_word' id='word_1_192' title='bbox 508 2721 548 2786; x_wconf 91' lang='lat' dir='ltr'>de</span> <span class='ocrx_word' id='word_1_193' title='bbox 569 2719 687 2788; x_wconf 89' lang='lat' dir='ltr'>Diocle</span> <span class='ocrx_word' id='word_1_194' title='bbox 719 2719 926 2794; x_wconf 82' lang='lat' dir='ltr'>dicitursed</span> <span class='ocrx_word' id='word_1_195' title='bbox 958 2719 997 2784; x_wconf 91' lang='lat' dir='ltr'>de</span> <span class='ocrx_word' id='word_1_196' title='bbox 1019 2717 1151 2787; x_wconf 79' lang='lat' dir='ltr'>Girone.</span> <span class='ocrx_word' id='word_1_197' title='bbox 1197 2719 1296 2787; x_wconf 76' lang='lat' dir='ltr'>(lons.</span> 
     </span>
     <span class='ocr_line' id='line_1_25' title="bbox 234 2819 1297 2909; baseline -0.002 -21"><span class='ocrx_word' id='word_1_198' title='bbox 234 2835 305 2888; x_wconf 88' lang='lat' dir='ltr'>not.</span> <span class='ocrx_word' id='word_1_199' title='bbox 327 2821 367 2887; x_wconf 84' lang='lat' dir='ltr'>ad</span> <span class='ocrx_word' id='word_1_200' title='bbox 391 2845 440 2889; x_wconf 87' lang='lat' dir='ltr'>or.</span> <span class='ocrx_word' id='word_1_201' title='bbox 463 2823 502 2888; x_wconf 89' lang='lat' dir='ltr'>de</span> <span class='ocrx_word' id='word_1_202' title='bbox 522 2821 682 2909; x_wconf 82' lang='lat' dir='ltr'>Dicaeog.</span> <span class='ocrx_word' id='word_1_203' title='bbox 704 2823 784 2894; x_wconf 81' lang='lat' dir='ltr'>ber.</span> <span class='ocrx_word' id='word_1_204' title='bbox 807 2828 841 2902; x_wconf 74' lang='lat'>§.</span> <span class='ocrx_word' id='word_1_205' title='bbox 864 2827 897 2892; x_wconf 98' lang='grc'>3.</span> <span class='ocrx_word' id='word_1_206' title='bbox 940 2823 1143 2906; x_wconf 72' lang='grc' dir='ltr'><strong><em>Διαφθιίρειν</em></strong></span> <span class='ocrx_word' id='word_1_207' title='bbox 1163 2819 1238 2887; x_wconf 85' lang='lat' dir='ltr'>s&#39;cil.</span> <span class='ocrx_word' id='word_1_208' title='bbox 1259 2822 1297 2886; x_wconf 83' lang='grc' dir='ltr'>τὸ</span> 
     </span>
     <span class='ocr_line' id='line_1_26' title="bbox 235 2919 1296 3008; baseline 0 -22"><span class='ocrx_word' id='word_1_209' title='bbox 235 2920 387 3006; x_wconf 78' lang='grc' dir='ltr'><strong><em>ίμβροον,</em></strong></span> <span class='ocrx_word' id='word_1_210' title='bbox 409 2923 449 2988; x_wconf 88' lang='lat' dir='ltr'>de</span> <span class='ocrx_word' id='word_1_211' title='bbox 470 2923 605 3007; x_wconf 81' lang='lat' dir='ltr'>abortu,</span> <span class='ocrx_word' id='word_1_212' title='bbox 633 2925 719 3000; x_wconf 80' lang='lat' dir='ltr'>unde</span> <span class='ocrx_word' id='word_1_213' title='bbox 748 2923 848 2990; x_wconf 86' lang='lat' dir='ltr'>etiam</span> <span class='ocrx_word' id='word_1_214' title='bbox 871 2919 1038 3008; x_wconf 71' lang='grc' dir='ltr'><strong><em>διαφθορή</em></strong></span> <span class='ocrx_word' id='word_1_215' title='bbox 1060 2922 1174 2988; x_wconf 88' lang='lat' dir='ltr'>eodem</span> <span class='ocrx_word' id='word_1_216' title='bbox 1196 2945 1296 2988; x_wconf 86' lang='lat' dir='ltr'>sensu</span> 
     </span>
    </p>
   </div>
   <div class='ocr_carea' id='block_1_10' title="bbox 221 3022 1293 3114">
    <p class='ocr_par' dir='ltr' id='par_1_11' title="bbox 221 3022 1293 3114">
     <span class='ocr_line' id='line_1_27' title="bbox 221 3022 1293 3114; baseline 0.001 -26"><span class='ocrx_word' id='word_1_217' title='bbox 221 3022 323 3108; x_wconf 70' lang='lat' dir='ltr'>‘apud</span> <span class='ocrx_word' id='word_1_218' title='bbox 343 3022 577 3113; x_wconf 85' lang='lat' dir='ltr'>Hippocratem</span> <span class='ocrx_word' id='word_1_219' title='bbox 597 3025 746 3114; x_wconf 88' lang='lat' dir='ltr'>Epidem.</span> <span class='ocrx_word' id='word_1_220' title='bbox 767 3023 847 3107; x_wconf 87' lang='lat' dir='ltr'>Vll,</span> <span class='ocrx_word' id='word_1_221' title='bbox 868 3023 911 3094; x_wconf 78' lang='lat'>48</span> <span class='ocrx_word' id='word_1_222' title='bbox 930 3048 964 3112; x_wconf 98' lang='grc' dir='ltr'>Ρ.</span> <span class='ocrx_word' id='word_1_223' title='bbox 982 3024 1046 3091; x_wconf 86' lang='grc'>869</span> <span class='ocrx_word' id='word_1_224' title='bbox 1066 3023 1117 3091; x_wconf 85' lang='lat' dir='ltr'>od.</span> <span class='ocrx_word' id='word_1_225' title='bbox 1140 3023 1168 3089; x_wconf 95' lang='lat' dir='ltr'>l.</span> <span class='ocrx_word' id='word_1_226' title='bbox 1190 3024 1237 3089; x_wconf 81' lang='grc' dir='ltr'>Α.</span> <span class='ocrx_word' id='word_1_227' title='bbox 1259 3049 1293 3091; x_wconf 83' lang='lat' dir='ltr'>v.</span> 
     </span>
    </p>
   </div>
   <div class='ocr_carea' id='block_1_11' title="bbox 99 3119 1294 3214">
    <p class='ocr_par' dir='ltr' id='par_1_12' title="bbox 99 3119 1294 3214">
     <span class='ocr_line' id='line_1_28' title="bbox 99 3119 1294 3214; baseline 0 -25"><span class='ocrx_word' id='word_1_228' title='bbox 99 3189 104 3200; x_wconf 87' lang='grc'><strong><em>,</em></strong></span> <span class='ocrx_word' id='word_1_229' title='bbox 130 3119 134 3130; x_wconf 84' lang='grc'><strong>’</strong></span> <span class='ocrx_word' id='word_1_230' title='bbox 234 3123 268 3190; x_wconf 92' lang='lat' dir='ltr'>d.</span> <span class='ocrx_word' id='word_1_231' title='bbox 283 3124 425 3192; x_wconf 74' lang='lat' dir='ltr'>Lindon.</span> <span class='ocrx_word' id='word_1_232' title='bbox 440 3122 656 3213; x_wconf 82' lang='lat' dir='ltr'>Frequentius</span> <span class='ocrx_word' id='word_1_233' title='bbox 671 3141 781 3194; x_wconf 85' lang='lat' dir='ltr'>tamen</span> <span class='ocrx_word' id='word_1_234' title='bbox 798 3126 882 3214; x_wconf 83' lang='lat' dir='ltr'>apud</span> <span class='ocrx_word' id='word_1_235' title='bbox 904 3125 993 3190; x_wconf 88' lang='lat' dir='ltr'>lrnnc</span> <span class='ocrx_word' id='word_1_236' title='bbox 1015 3139 1062 3192; x_wconf 87' lang='lat' dir='ltr'>est</span> <span class='ocrx_word' id='word_1_237' title='bbox 1082 3123 1294 3211; x_wconf 72' lang='grc' dir='ltr'><strong><em>ἀποφθείρειν,</em></strong></span> 
     </span>
    </p>
   </div>
   <div class='ocr_carea' id='block_1_12' title="bbox 160 3223 1329 4240">
    <p class='ocr_par' dir='ltr' id='par_1_13' title="bbox 160 3223 1329 4228">
     <span class='ocr_line' id='line_1_29' title="bbox 233 3223 1295 3318; baseline 0.002 -28"><span class='ocrx_word' id='word_1_238' title='bbox 233 3223 383 3314; x_wconf 88' lang='lat' dir='ltr'>Epidem.</span> <span class='ocrx_word' id='word_1_239' title='bbox 412 3224 474 3311; x_wconf 90' lang='lat' dir='ltr'>lV,</span> <span class='ocrx_word' id='word_1_240' title='bbox 511 3231 545 3311; x_wconf 85' lang='grc'><strong><em>2,</em></strong></span> <span class='ocrx_word' id='word_1_241' title='bbox 572 3228 594 3296; x_wconf 84' lang='lat'>⁵</span> <span class='ocrx_word' id='word_1_242' title='bbox 623 3254 657 3318; x_wconf 93' lang='lat' dir='ltr'>p.</span> <span class='ocrx_word' id='word_1_243' title='bbox 679 3227 755 3299; x_wconf 81' lang='lat'><strong>743.</strong></span> <span class='ocrx_word' id='word_1_244' title='bbox 780 3226 842 3310; x_wconf 86' lang='lat' dir='ltr'>lv,</span> <span class='ocrx_word' id='word_1_245' title='bbox 870 3229 928 3312; x_wconf 76' lang='grc'>12,</span> <span class='ocrx_word' id='word_1_246' title='bbox 960 3227 1013 3293; x_wconf 89' lang='grc'>13.</span> <span class='ocrx_word' id='word_1_247' title='bbox 1043 3251 1077 3314; x_wconf 89' lang='lat' dir='ltr'>p.</span> <span class='ocrx_word' id='word_1_248' title='bbox 1099 3226 1179 3310; x_wconf 88' lang='lat'><strong>751,</strong></span> <span class='ocrx_word' id='word_1_249' title='bbox 1208 3227 1295 3292; x_wconf 89' lang='lat' dir='ltr'>unde</span> 
     </span>
     <span class='ocr_line' id='line_1_30' title="bbox 234 3324 1293 3422; baseline -0.001 -30"><span class='ocrx_word' id='word_1_250' title='bbox 234 3324 406 3411; x_wconf 72' lang='lat' dir='ltr'>dnopdopq&#39;</span> <span class='ocrx_word' id='word_1_251' title='bbox 425 3326 472 3394; x_wconf 86' lang='lat' dir='ltr'>ib.</span> <span class='ocrx_word' id='word_1_252' title='bbox 494 3327 558 3414; x_wconf 89' lang='lat' dir='ltr'>lll,</span> <span class='ocrx_word' id='word_1_253' title='bbox 579 3339 612 3416; x_wconf 73' lang='lat'>2,</span> <span class='ocrx_word' id='word_1_254' title='bbox 635 3333 677 3404; x_wconf 86' lang='grc'>10</span> <span class='ocrx_word' id='word_1_255' title='bbox 702 3355 736 3422; x_wconf 95' lang='lat' dir='ltr'>p.</span> <span class='ocrx_word' id='word_1_256' title='bbox 758 3332 821 3402; x_wconf 85' lang='grc'>719</span> <span class='ocrx_word' id='word_1_257' title='bbox 843 3342 875 3395; x_wconf 90' lang='lat' dir='ltr'>et</span> <span class='ocrx_word' id='word_1_258' title='bbox 901 3326 1100 3414; x_wconf 76' lang='grc' dir='ltr'><strong><em>ιίιαὸφθαρμα</em></strong></span> <span class='ocrx_word' id='word_1_259' title='bbox 1115 3327 1168 3392; x_wconf 90' lang='lat' dir='ltr'>ib.</span> <span class='ocrx_word' id='word_1_260' title='bbox 1190 3326 1238 3411; x_wconf 88' lang='lat' dir='ltr'>ll,</span> <span class='ocrx_word' id='word_1_261' title='bbox 1259 3330 1293 3410; x_wconf 95' lang='grc'><strong><em>2,</em></strong></span> 
     </span>
     <span class='ocr_line' id='line_1_31' title="bbox 233 3426 1292 3519; baseline -0.003 -26"><span class='ocrx_word' id='word_1_262' title='bbox 233 3429 276 3493; x_wconf 87' lang='grc'>33</span> <span class='ocrx_word' id='word_1_263' title='bbox 297 3454 330 3516; x_wconf 87' lang='grc' dir='ltr'>Ρ.</span> <span class='ocrx_word' id='word_1_264' title='bbox 352 3429 418 3495; x_wconf 69' lang='grc'><strong>691»</strong></span> <span class='ocrx_word' id='word_1_265' title='bbox 437 3442 522 3498; x_wconf 87' lang='lat' dir='ltr'>extr.</span> <span class='ocrx_word' id='word_1_266' title='bbox 564 3430 606 3499; x_wconf 90' lang='lat' dir='ltr'>In</span> <span class='ocrx_word' id='word_1_267' title='bbox 633 3432 709 3499; x_wconf 85' lang='lat' dir='ltr'>aliis</span> <span class='ocrx_word' id='word_1_268' title='bbox 736 3445 845 3503; x_wconf 81' lang='lat' dir='ltr'>autem</span> <span class='ocrx_word' id='word_1_269' title='bbox 865 3428 1075 3519; x_wconf 84' lang='lat' dir='ltr'>Hippocratis</span> <span class='ocrx_word' id='word_1_270' title='bbox 1096 3426 1193 3496; x_wconf 83' lang='lat' dir='ltr'>libris</span> <span class='ocrx_word' id='word_1_271' title='bbox 1214 3428 1292 3492; x_wconf 77' lang='grc' dir='ltr'><strong><em>ἔκτι-</em></strong></span> 
     </span>
     <span class='ocr_line' id='line_1_32' title="bbox 160 3525 1329 3617; baseline 0.014 -24"><span class='ocrx_word' id='word_1_272' title='bbox 160 3593 164 3608; x_wconf 69' lang='lat'>,</span> <span class='ocrx_word' id='word_1_273' title='bbox 233 3525 379 3612; x_wconf 84' lang='grc' dir='ltr'><strong><em>τρώσκειν</em></strong></span> <span class='ocrx_word' id='word_1_274' title='bbox 400 3530 660 3617; x_wconf 85' lang='lat' dir='ltr'>potiusdicitur.</span> <span class='ocrx_word' id='word_1_275' title='bbox 1326 3536 1329 3550; x_wconf 58' lang='lat'><strong>⁴</strong></span> 
     </span>
     <span class='ocr_line' id='line_1_33' title="bbox 317 3627 1291 3720; baseline -0.002 -24"><span class='ocrx_word' id='word_1_276' title='bbox 317 3628 353 3713; x_wconf 54' lang='grc' dir='ltr'><strong>ὁ.</strong></span> <span class='ocrx_word' id='word_1_277' title='bbox 377 3632 431 3696; x_wconf 88' lang='grc'><strong>37.</strong></span> <span class='ocrx_word' id='word_1_278' title='bbox 461 3631 501 3698; x_wconf 81' lang='grc' dir='ltr'>τά</span> <span class='ocrx_word' id='word_1_279' title='bbox 531 3661 564 3702; x_wconf 80' lang='grc' dir='ltr'>τε</span> <span class='ocrx_word' id='word_1_280' title='bbox 592 3627 647 3702; x_wconf 79' lang='grc' dir='ltr'>οὖν</span> <span class='ocrx_word' id='word_1_281' title='bbox 664 3634 742 3720; x_wconf 76' lang='grc' dir='ltr'><strong><em>χρία</em></strong></span> <span class='ocrx_word' id='word_1_282' title='bbox 762 3671 805 3684; x_wconf 91' lang='lat'>-</span> <span class='ocrx_word' id='word_1_283' title='bbox 825 3629 1007 3720; x_wconf 63' lang='grc' dir='ltr'><strong><em>καὶσὸκοος</em></strong></span> <span class='ocrx_word' id='word_1_284' title='bbox 1028 3635 1094 3697; x_wconf 85' lang='grc' dir='ltr'><strong>κτλ.</strong></span> <span class='ocrx_word' id='word_1_285' title='bbox 1139 3628 1291 3698; x_wconf 83' lang='lat' dir='ltr'>Omissus</span> 
     </span>
     <span class='ocr_line' id='line_1_34' title="bbox 233 3729 1289 3821; baseline 0.002 -27"><span class='ocrx_word' id='word_1_286' title='bbox 233 3729 320 3818; x_wconf 88' lang='lat' dir='ltr'>apud</span> <span class='ocrx_word' id='word_1_287' title='bbox 347 3731 487 3800; x_wconf 86' lang='lat' dir='ltr'>alterum</span> <span class='ocrx_word' id='word_1_288' title='bbox 516 3761 637 3804; x_wconf 86' lang='lat' dir='ltr'>nomen</span> <span class='ocrx_word' id='word_1_289' title='bbox 669 3735 824 3805; x_wconf 82' lang='lat' dir='ltr'>articulus</span> <span class='ocrx_word' id='word_1_290' title='bbox 850 3757 1008 3821; x_wconf 88' lang='lat' dir='ltr'>nequem</span> <span class='ocrx_word' id='word_1_291' title='bbox 1038 3731 1182 3798; x_wconf 83' lang='lat' dir='ltr'>offendat</span> <span class='ocrx_word' id='word_1_292' title='bbox 1204 3729 1289 3796; x_wconf 85' lang='lat' dir='ltr'>conf.</span> 
     </span>
     <span class='ocr_line' id='line_1_35' title="bbox 233 3832 1288 3926; baseline 0.001 -31"><span class='ocrx_word' id='word_1_293' title='bbox 233 3833 385 3918; x_wconf 84' lang='lat' dir='ltr'>exempla</span> <span class='ocrx_word' id='word_1_294' title='bbox 406 3835 593 3924; x_wconf 80' lang='lat' dir='ltr'>aKriigero</span> <span class='ocrx_word' id='word_1_295' title='bbox 615 3851 766 3924; x_wconf 85' lang='lat' dir='ltr'>congesta</span> <span class='ocrx_word' id='word_1_296' title='bbox 788 3837 827 3903; x_wconf 82' lang='lat' dir='ltr'>cd</span> <span class='ocrx_word' id='word_1_297' title='bbox 840 3835 984 3926; x_wconf 82' lang='lat' dir='ltr'>Dionys.</span> <span class='ocrx_word' id='word_1_298' title='bbox 998 3833 1076 3901; x_wconf 88' lang='lat' dir='ltr'>Hal.</span> <span class='ocrx_word' id='word_1_299' title='bbox 1083 3832 1288 3916; x_wconf 64' lang='lat' dir='ltr'>historiogr.</span> 
     </span>
     <span class='ocr_line' id='line_1_36' title="bbox 232 3930 1290 4027; baseline -0.001 -30"><span class='ocrx_word' id='word_1_300' title='bbox 232 3955 264 4019; x_wconf 93' lang='lat' dir='ltr'>p.</span> <span class='ocrx_word' id='word_1_301' title='bbox 288 3930 350 4000; x_wconf 77' lang='lat'>140</span> <span class='ocrx_word' id='word_1_302' title='bbox 371 3949 403 4001; x_wconf 81' lang='lat' dir='ltr'>et</span> <span class='ocrx_word' id='word_1_303' title='bbox 423 3939 463 4002; x_wconf 88' lang='lat' dir='ltr'>ad</span> <span class='ocrx_word' id='word_1_304' title='bbox 484 3938 638 4026; x_wconf 88' lang='lat' dir='ltr'>Xenoph.</span> <span class='ocrx_word' id='word_1_305' title='bbox 660 3940 770 4006; x_wconf 79' lang='lat' dir='ltr'>Anab.</span> <span class='ocrx_word' id='word_1_306' title='bbox 792 3964 825 4027; x_wconf 92' lang='grc' dir='ltr'>Ρ.</span> <span class='ocrx_word' id='word_1_307' title='bbox 844 3941 897 4021; x_wconf 91' lang='grc'>92,</span> <span class='ocrx_word' id='word_1_308' title='bbox 920 3937 1035 4024; x_wconf 89' lang='lat' dir='ltr'>quibus</span> <span class='ocrx_word' id='word_1_309' title='bbox 1056 3936 1151 4023; x_wconf 85' lang='lat' dir='ltr'>plura</span> <span class='ocrx_word' id='word_1_310' title='bbox 1173 3933 1290 4000; x_wconf 79' lang='lat' dir='ltr'>addere</span> 
     </span>
     <span class='ocr_line' id='line_1_37' title="bbox 233 4031 1289 4140; baseline 0.001 -42"><span class='ocrx_word' id='word_1_311' title='bbox 233 4031 321 4100; x_wconf 87' lang='lat' dir='ltr'>nihil</span> <span class='ocrx_word' id='word_1_312' title='bbox 341 4036 519 4106; x_wconf 70' lang='lat' dir='ltr'>attinet—</span> <span class='ocrx_word' id='word_1_313' title='bbox 540 4041 607 4108; x_wconf 88' lang='lat' dir='ltr'>Pro</span> <span class='ocrx_word' id='word_1_314' title='bbox 628 4039 766 4126; x_wconf 81' lang='grc' dir='ltr'><strong><em>ἀφείλετο</em></strong></span> <span class='ocrx_word' id='word_1_315' title='bbox 789 4039 883 4140; x_wconf 78' lang='grc' dir='ltr'><strong><em>σίτῳ,</em></strong></span> <span class='ocrx_word' id='word_1_316' title='bbox 906 4031 990 4124; x_wconf 91' lang='lat' dir='ltr'>quod</span> <span class='ocrx_word' id='word_1_317' title='bbox 1012 4037 1095 4103; x_wconf 89' lang='lat' dir='ltr'>olim</span> <span class='ocrx_word' id='word_1_318' title='bbox 1116 4037 1151 4102; x_wconf 91' lang='lat' dir='ltr'>h.</span> <span class='ocrx_word' id='word_1_319' title='bbox 1165 4037 1190 4102; x_wconf 87' lang='lat' dir='ltr'>L</span> <span class='ocrx_word' id='word_1_320' title='bbox 1210 4058 1289 4100; x_wconf 82' lang='lat' dir='ltr'>sorr</span> 
     </span>
     <span class='ocr_line' id='line_1_38' title="bbox 233 4135 1288 4240; baseline 0 -42"><span class='ocrx_word' id='word_1_321' title='bbox 233 4135 411 4224; x_wconf 84' lang='lat' dir='ltr'>bebatur,</span> <span class='ocrx_word' id='word_1_322' title='bbox 405 4139 562 4240; x_wconf 84' lang='lat' dir='ltr'>Reiskius</span> <span class='ocrx_word' id='word_1_323' title='bbox 579 4156 635 4214; x_wconf 82' lang='lat' dir='ltr'>aut</span> <span class='ocrx_word' id='word_1_324' title='bbox 654 4139 843 4228; x_wconf 77' lang='grc' dir='ltr'><strong><em>οφιίλιτο’</em></strong></span> <span class='ocrx_word' id='word_1_325' title='bbox 806 4167 890 4226; x_wconf 80' lang='grc' dir='ltr'><strong><em>αοτῳ</em></strong></span> <span class='ocrx_word' id='word_1_326' title='bbox 910 4139 1120 4206; x_wconf 86' lang='lat' dir='ltr'>scribendum</span> <span class='ocrx_word' id='word_1_327' title='bbox 1141 4135 1288 4226; x_wconf 87' lang='lat' dir='ltr'>conjecit,</span> 
     </span>
    </p>
   </div>
   <div class='ocr_carea' id='block_1_13' title="bbox 205 4231 1399 4365">
    <p class='ocr_par' dir='ltr' id='par_1_14' title="bbox 205 4231 1399 4365">
     <span class='ocr_line' id='line_1_39' title="bbox 205 4231 1399 4365; baseline 0.004 -68"><span class='ocrx_word' id='word_1_328' title='bbox 205 4231 322 4300; x_wconf 87' lang='lat' dir='ltr'>&#39;aut</span> <span class='ocrx_word' id='word_1_329' title='bbox 305 4261 361 4320; x_wconf 85' lang='grc' dir='ltr'><strong>αφ.</strong></span> <span class='ocrx_word' id='word_1_330' title='bbox 380 4233 472 4310; x_wconf 72' lang='grc' dir='ltr'><strong><em>αὐτὸν</em></strong></span> <span class='ocrx_word' id='word_1_331' title='bbox 495 4247 546 4328; x_wconf 85' lang='lat' dir='ltr'>[v</span> <span class='ocrx_word' id='word_1_332' title='bbox 563 4241 687 4328; x_wconf 78' lang='grc' dir='ltr'><strong>αὐτοῦ].</strong></span> <span class='ocrx_word' id='word_1_333' title='bbox 729 4241 864 4330; x_wconf 87' lang='lat' dir='ltr'>Neque</span> <span class='ocrx_word' id='word_1_334' title='bbox 849 4241 989 4365; x_wconf 80' lang='lat' dir='ltr'>injuria:</span> <span class='ocrx_word' id='word_1_335' title='bbox 1019 4265 1099 4309; x_wconf 88' lang='lat' dir='ltr'>nam</span> <span class='ocrx_word' id='word_1_336' title='bbox 1113 4236 1286 4306; x_wconf 88' lang='lat' dir='ltr'>Homerica</span> <span class='ocrx_word' id='word_1_337' title='bbox 1398 4317 1399 4320; x_wconf 8' lang='grc' dir='ltr'><strong>Ἴ</strong></span> 
     </span>
    </p>
   </div>
   <div class='ocr_carea' id='block_1_14' title="bbox 0 0 1428 4832">
    <p class='ocr_par' dir='ltr' id='par_1_15' title="bbox 0 0 1428 4832">
     <span class='ocr_line' id='line_1_40' title="bbox 0 0 1428 4832; baseline 0 2"><span class='ocrx_word' id='word_1_338' title='bbox 0 0 1428 4832; x_wconf 95' lang='lat' dir='ltr'> </span> 
     </span>
    </p>
   </div>
  </div>
 </body>
</html>
