2942 4842
195 395 261 402 ··
377 375 441 444 nn
462 373 700 445 cnuouton
720 372 1039 462 ιιιιιιιιιιιιιι.
1175 379 1240 448 os

173 544 410 630 concedamus,
441 544 498 632 qui
525 544 669 634 adoptati
689 561 817 631 essent,
845 568 912 612 uon
932 544 1077 635 potuisse
1096 569 1157 636 pro
1177 547 1238 614 ad·
1283 606 1288 616 .

173 647 316 739 optantis
336 645 476 713 arbitrio
498 645 660 731 abdicari,
681 647 739 715 sed
760 661 817 714 aut
836 646 984 737 ipsorum
1000 670 1159 715 consensu
1179 663 1237 715 aut

162 771 289 816 -cansae
309 748 503 837 probatione
524 771 605 837 opus
624 747 726 816 luisse
748 747 832 834 (vit.
855 743 974 815 Meieri
999 773 1172 835 meumque
1191 751 1237 817 li·

170 851 271 944 bmm
291 850 332 916 te
352 849 469 917 ordine
487 848 642 941 judicias.
666 875 699 940 p.
713 847 778 916 441
798 851 882 937 sq.):
911 848 1058 939 primum
1077 849 1238 919 intererat

170 952 261 1018 haud
286 950 389 1018 dubie
410 951 558 1038 aliquid,
584 965 697 1018 utrum
722 951 812 1020 inter
830 952 927 1020 vivos
953 951 1073 1037 aliquis
1099 953 1236 1044 adepta-

168 1068 223 1122 tus
244 1067 329 1121 esset
348 1052 487 1140 ideoque
505 1053 543 1120 in
563 1052 727 1120 familiam
746 1052 850 1142 patris
871 1051 1020 1141 adoptivi
1038 1052 1106 1142 jam
1126 1069 1236 1122 trans·

167 1155 280 1239 iisset,
316 1177 361 1220 an
389 1168 583 1222 testamento
612 1167 741 1222 tautum
767 1155 864 1222 heres
892 1154 1033 1244 scriptus
1060 1178 1099 1220 ea
1119 1156 1235 1223 condi·

167 1255 284 1342 cione,
305 1271 343 1322 ut
361 1272 437 1347 post
456 1271 599 1334 mortem
614 1256 778 1324 testatoris
798 1276 859 1346 pro
879 1255 950 1340 lilio
970 1268 1071 1338 esset;
1093 1255 1170 1322 dein
1190 1282 1234 1325 ne

168 1359 234 1425 hoc
257 1357 393 1444 quidem
413 1373 557 1442 constat,
590 1359 735 1446 aliquem
757 1381 801 1424 ex
822 1357 1019 1427 adversariis
1040 1371 1234 1426 testamento

166 1456 349 1577 Cleonymi
375 1459 564 1550 adoptatum
590 1483 672 1528 esse.
722 1459 815 1544 Quin
840 1456 975 1547 negavit
1000 1460 1065 1525 hoc
1084 1457 1232 1538 Bunsen.

165 1561 247 1628 tle
233 1585 301 1653 jur.
329 1563 403 1629 her.
391 1585 459 1650 p..
481 1559 536 1628 74.
580 1557 647 1629 Sed
677 1575 714 1627 ut
740 1575 919 1629 statuamus
940 1560 1110 1649 adoptasse
1132 1559 1232 1628 Gleo·

164 1687 374 1772 uymum—
401 1663 533 1730 otveri
560 1661 670 1730 simile
697 1675 746 1729 est
773 1684 850 1728 eum
878 1660 1060 1751 providisse
1086 1685 1129 1728 ne
1148 1659 1233 1739 οἶκος

163 1787 245 1832 suns
276 1763 429 1832 interiret
461 1764 519 1848 (cf.
558 1788 608 1831 or.
636 1764 684 1832 de
706 1751 864 1853 A'pollod.
901 1764 974 1830 her.
1010 1762 1047 1849 §-
1074 1764 1233 1849 30.:)-

163 1890 325 1934 omnesne
345 1865 514 1955 adoptavit
535 1889 579 1932 an
599 1865 726 1932 uuum?
760 1863 874 1940 ,llunm
894 1864 983 1930 haud
1005 1863 1115 1931 dubie.
1159 1863 1233 1950 lgie
1273 1935 1279 1954 ,

162 1982 219 2034 tur
246 1967 305 2034 hic
332 1967 362 2034 si
382 1965 597 2050 consentiret,
628 1965 853 2053 reliquorum,
882 1963 1011 2066 quibus
1026 1966 1134 2049 legata
1155 1982 1231 2035 tan·

161 2083 236 2136 tum
258 2067 381 2158 scripta
393 2083 515 2152 erant,
531 2091 692 2135 consensu
703 2066 885 2156 nihilopns
905 2080 986 2132 erat.
1007 2043 1097 2134 sed
1119 2083 1228 2136 tamen

160 2194 204 2237 ne
225 2169 327 2258 hujus
350 2169 482 2257 quidem
503 2193 697 2238 consensum
718 2166 938 2235 necessarium
958 2167 1059 2235 luisse
1079 2170 1229 2238 credide·

45 2268 49 2274 “
81 2345 83 2353 ,
159 2270 241 2340 rim.
292 2270 379 2338 Nem
405 2295 507 2358 quum
532 2287 680 2338 actorum
710 2293 807 2336 causa
828 2269 1119 2358 hoctpotissimum
1140 2272 1230 2339 nita·

158 2388 215 2442 tur
237 2387 449 2459 argumento,
472 2372 557 2464 quod
565 2370 767 2465 Cleonymus
788 2372 904 2437 tollere
925 2385 1154 2440 testamentum
1165 2397 1229 2442 vo·

158 2475 280 2554 luerit,
302 2473 396 2558 nilpil·
410 2474 473 2540 hoc
494 2489 688 2562 argumento
700 2473 864 2540 infirmius
884 2495 989 2558 neque
1000 2471 1142 2540 debilius
1163 2498 1227 2541 ex-

158 2575 304 2664 cogitari
331 2575 458 2664 potnit,
495 2577 524 2640 si
554 2574 656 2663 ipsias
686 2572 864 2666 Gleonymi
893 2577 1047 2644 voluutas
1073 2563 1146 2642 sine
1167 2577 1226 2642 ad·

156 2676 388 2747 versariorum
416 2678 472 2746 vel
499 2676 598 2744 nnius
629 2700 673 2743 ex
692 2677 745 2745 his
766 2699 926 2744 censensu
946 2679 1058 2745 valera
1078 2701 1144 2750 uon
1165 2700 1226 2766 po-
1315 2759 1318 2768 Δ

157 2779 290 2848 tuisset.
347 2777 442 2845 Nihil
469 2779 557 2844 cuim
587 2777 687 2871 objici
714 2802 795 2868 epus
822 2794 892 2845 erat
918 2777 985 2846 nisi
1010 2778 1074 2846 hoc
1102 2803 1224 2846 nnuma

59 2949 64 2960 ,
157 2878 294 2950 etiamsi
313 2880 420 2949 voluit
441 2878 661 2971 Cleonymus,
695 2896 729 2946 at
748 2904 809 2948 nos
830 2880 1008 2948 noluimus.

399 3089 403 3096 ·
515 3048 562 3117 In
593 3049 870 3141 Hypothcsin.

244 3185 346 3254 Vens.
373 3188 408 3253 2.
452 3183 492 3261 ἃς
516 3184 703 3271 παρέχονται
729 3187 771 3262 εἰς
797 3182 937 3284 αὐτούς.Ι
969 3151 1062 3268 Haec
1091 3185 1222 3256 sisere

153 3306 207 3362 ,est
226 3287 347 3372 lectio,
376 3300 509 3378 apparet
529 3311 618 3355 esse:
645 3309 733 3376 quoa
749 3288 955 3374 producunt
972 3299 1099 3355 contro
1128 3303 1222 3358 octo·

155 3415 218 3460 rea
239 3392 325 3458 lue.
348 3387 601 3480 adpetitionem
621 3413 736 3456 eorum
757 3391 990 3478 repellendam.
1034 3387 1099 3457 Sed
1121 3395 1222 3459 telem
1348 3453 1356 3459 .

97 3569 100 3574 ,
156 3491 411 3585 praepositionis
438 3492 481 3567 εἰς
500 3514 598 3557 nsum
617 3514 736 3559 vereor
755 3505 792 3556 nt
811 3492 914 3580 proba
934 3490 1094 3577 graecitas
1116 3517 1221 3579 agno·

155 3610 247 3662 scat:
279 3617 357 3660 nam
377 3616 459 3681 quae
486 3591 610 3659 similia
630 3591 745 3660 videri
758 3592 884 3682 possint
903 3595 1072 3683 exempla,
1098 3595 1158 3660 nbi
1178 3596 1221 3671 εἲς

154 3695 328 3764 commode
358 3693 499 3762 vertitur
525 3707 669 3780 contro,
702 3697 887 3779 odoerms3
924 3695 1034 3782 qualia
1065 3697 1170 3762 multa
1199 3720 1228 3763 a

96 3873 100 3884 Ι
152 3796 271 3863 multis
304 3813 456 3883 congesta
488 3810 582 3878 sunt,
621 3795 813 3882 diligentius
847 3797 1066 3864 consideranti
1107 3799 1238 3866 omnia·

152 3896 283 3964 diversi
308 3898 438 3984 generis
465 3922 534 3964 esse
561 3898 740 3988 apparebit.
783 3899 893 3985 Atque
914 3898 1001 3964 haud
1023 3896 1091 3978 scio
1113 3922 1156 3965 an
1178 3903 1220 3976 εἷς
1295 3897 1297 3909 '

153 3995 399 4088 uivoic'potins
423 4023 442 4064 a
464 3999 858 4090 grammaticoscriptum
879 4000 986 4094 videri
1008 4001 1142 4081 debeat,
1165 4027 1218 4068 re·

150 4100 334 4185 llexivum‚
364 4123 430 4167 uon
453 4102 758 4169 demonstrativum.
811 4100 908 4170 (lente
929 4097 1065 4185 διαθήκη
1086 4102 1129 4178 εἴς
1148 4127 1217 4168 τινα

151 4200 192 4267 tle
204 4216 398 4269 testamento
412 4203 449 4268 in
461 4202 599 4293 alicujus
619 4204 827 4271 commodum
842 4204 963 4294 scripte
980 4203 1103 4290 legitur
1117 4205 1215 4271 etiam

132 4301 187 4368 ‘ic
209 4304 351 4394 hypoth.
373 4318 458 4373 orat.
481 4306 522 4372 de
541 4304 808 4402 Astyphilillter.
