2910 4830
123 334 172 403 ιιι
194 319 337 404 carr.
359 305 422 400 ἰιι
451 326 741 400 muceranus
759 327 1076 418 rnauolrsru.
1118 332 1182 402 aaa

211 501 365 572 Primum
385 498 597 568 calliditatem
618 514 650 568 et
669 497 833 568 malitiam
847 499 1029 568 adversarii
1041 517 1184 588 accusat,

128 605 186 694 qui
212 603 251 672 in
275 603 391 671 libello
420 625 480 670 suo
507 601 728 670 Nicostratum
754 624 823 667 non
854 599 1101 694 Thrasymachi
1116 605 1185 672 see
1226 613 1231 632 ’
1322 676 1324 686 ,
1432 655 1433 664 ,

129 705 252 777 Smicri
279 705 387 772 hlium
412 703 548 774 dixerit.
590 699 724 771 Scilicet
755 700 785 768 si
804 723 923 768 verum
942 703 1044 793 patris
1064 723 1186 775 nomeu
1321 785 1323 792 Α

70 839 74 846 ’
128 806 324 895 scripsisset,
340 803 545 893 ¹praevidisse
555 803 626 870 iore
642 816 679 870 ut
690 801 788 870 facile
797 801 917 889 Hagno
932 818 964 870 et
972 804 1187 895 Bagacum

129 932 165 978 se
190 907 362 998 proximos
389 904 444 971 illi
469 919 714 991 cognatoscsse
733 903 926 993 probarent,
946 969 948 974 ,
965 930 1070 996 neque
1090 909 1187 997 quit-

131 1033 229 1098 quam
249 1008 292 1078 iu
307 1006 574 1097 disceptationem
592 1005 739 1088 veniret,
768 1003 835 1070 nisi
855 1019 1030 1080 testatusne
1049 1009 1109 1076 ille
1130 1010 1188 1076 de.

132 1110 279 1178 cessisset
299 1133 343 1177 an
363 1108 554 1192 intestatus3
591 1107 644 1174 siu
663 1128 743 1174 vero
764 1103 863 1172 etiam
883 1107 924 1174 de
943 1123 1036 1198 patre
1055 1126 1189 1180 contro·

130 1211 277 1281 versiam
296 1223 462 1295 moveret,
492 1231 623 1275 causam
652 1209 758 1274 multo
777 1207 1000 1276 obscuriorem
1019 1212 1189 1300 magisque

131 1313 320 1380 intricatam
354 1312 447 1398 fore,
479 1309 760 1396 difficilioremque
792 1309 991 1380 adversariis
1022 1312 1108 1403 juris
1137 1312 1190 1382 sui

131 1413 372 1506 probationem.

218 1515 325 1582 Porro
343 1512 541 1582 Ghariadem
554 1510 651 1580 initio
663 1509 812 1597 quidem,
840 1536 942 1599 quum
955 1512 1016 1582 alii
1034 1515 1192 1605 permulti

133 1615 350 1686 hereditatem
364 1630 528 1706 peterent,
555 1612 701 1701 quietum
711 1611 837 1696 1ιιιιιιι;
866 1629 978 1703 postes
992 1631 1105 1684 autem
1118 1638 1192 1684 uon
1318 1659 1319 1664 κ
1401 1655 1403 1662 ·

134 1720 245 1788 solum
270 1716 353 1802 sihi,
381 1731 412 1784 et
440 1713 646 1812 cognatiouiq
676 1713 807 1802 quidem
836 1714 910 1804 jure
940 1717 1024 1804 (vid.
1051 1731 1123 1786 not.
1151 1719 1192 1788 ad

134 1821 175 1910 ᾗ.
190 1820 259 1905 10.)
280 1818 494 1914 hereditatem
506 1816 658 1908 petiisse,
684 1814 854 1888 sedetiam
874 1833 1012 1906 puerum
1032 1820 1195 1906 quendam

134 1947 155 1990 c
181 1908 353 1988 meretrice
381 1935 497 1986 natum
525 1919 633 1986 filium
660 1916 852 1984 defuncto
840 1918 1011 1988 rustituere
1041 1936 1194 1990 conatum

136 2047 226 2106 esse;
253 2037 434 2113 postremo,
456 2045 557 2108 quum
577 2021 640 2086 hoc
660 2020 759 2088 modo
778 2018 866 2086 nihil
884 2023 1071 2110 proficeret,
1099 2037 1196 2116 testas

137 2140 285 2194 ruentum
306 2124 427 2190 falsum
447 2121 632 2212 protulisse.
1205 2155 1210 2166 ,

222 2225 303 2292 Esse
331 2239 440 2290 autem
467 2223 504 2289 in
540 2221 758 2289 hereditatum
789 2223 1021 2290 controversiis
1048 2223 1194 2309 testibus,

138 2326 197 2416 qui
217 2349 252 2392 se
267 2340 457 2393 testamento
469 2322 638 2390 condendo
655 2322 819 2391 adhibitos
840 2337 1054 2408 testarentur,
1086 2326 1196 2394 minus

138 2451 240 2519 quam
260 2427 461 2512 argumentis
482 2424 692 2492 credendum.
745 2423 896 2506 Tettium
917 2425 1006 2492 enim
1025 2427 1123 2492 fldem
1143 2428 1198 2494 in·

139 2545 265 2598 certam
295 2543 326 2595 et
346 2527 445 2594 nimis
458 2523 461 2530 ’
474 2550 571 2616 saepe
596 2539 782 2615 corruptam
809 2547 895 2608 esse3
930 2542 1199 2614 argumentorum

139 2633 268 2722 pondus
299 2628 509 2722 ajudicihus
538 2625 718 2694 certissime
748 2627 914 2694 aestimari
938 2651 1047 2717 posse.
1087 2620 1200 2718 Neque

140 2734 215 2823 ipsa
244 2737 437 2799 testamenta
463 2753 592 2818 semper
619 2730 752 2812 valere,
780 2730 835 2795 sed
852 2729 902 2794 ita
925 2731 1075 2812 demum,
1102 2732 1131 2798 si
1151 2731 1201 2798 les

143 2833 261 2924 gitime
282 2835 365 2899 sacta
387 2829 473 2914 siut,
499 2853 561 2917 qua
583 2830 623 2896 de
643 2853 681 2895 re
700 2828 933 2898 difficillimum
953 2833 1023 2899 dere
1042 2832 1201 2923 judicium
1290 2843 1317 2890 .'

141 2959 236 3017 esse3
267 2933 310 2999 de
338 2930 587 3020 cognationibus
612 2924 724 2998 autem
754 2952 929 3020 earumque
949 2932 1022 3023 jure
1042 2933 1202 3001 facillime

142 3060 273 3125 semper
303 3033 443 3126 judicari
462 3057 569 3123 posse.
608 3032 686 3100 Huc
703 3033 879 3119 accedere,
914 3035 1000 3121 quod
1020 3033 1201 3102 Chariades

142 3161 213 3212 non
243 3137 340 3203 modo
372 3140 527 3220 cognatus
559 3134 614 3202 sed
644 3159 687 3201 ne
716 3133 841 3202 amicus
868 3135 998 3222 quidem
1024 3136 1203 3204 Nicostrati

142 3236 264 3323 fuerit,
285 3237 362 3324 quid
385 3237 470 3322 quod
491 3261 534 3304 ne
553 3251 682 3303 mortuo
703 3236 832 3323 quidem
851 3235 937 3326 justa
949 3239 1108 3306 eirnchria
1127 3260 1204 3332 per·

144 3338 314 3408 solverit.
356 3337 469 3424 Neque
503 3361 621 3405 verum
652 3361 722 3406 esse
753 3337 843 3425 quod
876 3338 979 3419 dicat,
1016 3341 1204 3410 societatem

145 3440 350 3530 quandam
338 3455 425 3520 tuter
450 3438 539 3530 ipsos
564 3439 667 3507 fuisse
691 3439 926 3564 pecuniamque
953 3438 1022 3530 ejus
1048 3465 1068 3510 a
1082 3457 1123 3512 se
1144 3443 1204 3512 ad

145 3539 1198 3613 ministratam..

232 3641 326 3711 Nihil
354 3658 461 3710 autem
489 3641 690 3729 frequentius
712 3641 788 3708 fieri
816 3644 938 3730 solere,
965 3665 1065 3762 quam
1091 3659 1129 3710 ut
1148 3665 1210 3712 eos

146 3768 262 3828 mm,
279 3743 335 3831 qui
361 3761 497 3832 peregre
524 3744 695 3839 obiissent,
725 3744 921 3812 hereditates
942 3744 1039 3813 etiam
1056 3745 1114 3813 ab
1116 3747 1205 3838 atie

147 3844 313 3916 nissimis
323 3860 487 3934 petantur.
536 3841 709 3935 Quippe'
697 3863 865 3935 impunem
891 3845 996 3916 cuivis
1017 3871 1086 3915 esse
1105 3841 1206 3917 talem

145 3945 342 4039 petitionem
351 3991 364 4026 ,
391 3970 546 4035 maguam
572 3961 679 4014 autem
700 3971 791 4036 spem
809 3947 955 4038 judicum
974 3951 1207 4019 deflendorum.

149 4046 283 4118 Judices
310 4061 419 4116 autem
448 4072 587 4136 aequum
616 4071 685 4115 esse
713 4061 770 4132 ut,
800 4048 829 4116 si
859 4049 899 4116 de
927 4063 1119 4119 testamento
1140 4075 1208 4118 nou
1347 4081 1350 4086 ·

150 4163 241 4216 certo
272 4171 310 4216 sc
336 4147 462 4236 liquido
495 4164 637 4232 constet,
676 4149 823 4238 cognatis
855 4150 964 4241 potius
995 4153 1211 4220 hereditatem·

151 4248 351 4341 adjudicent.
381 4249 479 4326 ‚Nam
507 4251 592 4339 quod
612 4249 788 4319 *Chariadis
808 4251 906 4328 amici
926 4278 993 4321 non
1012 4253 1208 4342 Hagnonem
