2882 4830
187 407 293 501 ’.μ
564 387 996 488 rnnuunnro

254 582 327 626 rum
355 557 645 645 grammaticorum
672 557 821 645 plerique
848 557 954 625 nimis·
972 579 995 624 a
1015 531 1224 646 ¹professione
1248 580 1309 624 sne

254 679 396 744 alienum
424 685 550 764 putent.
597 676 696 742 Haud
724 698 1006 764 supervacaneum
1032 677 1131 763 igitur
1157 676 1304 742 laborem

254 794 541 909 mihispscepisse
557 791 689 877 videor,
718 795 775 860 ont
789 815 973 880 occupasse
987 795 1142 895 quodolii
1160 795 1305 860 fortasse

150 951 166 972 ·.
197 987 210 1003 .„
224 913 370 1014 w'melius
403 921 437 980 et
462 911 638 977 studiosius
666 909 772 976 acturi
803 897 961 995 fuissent',
999 934 1096 1000 quum
1126 934 1200 978 cum
1227 909 1305 976 mihi

178 1077 185 1092 ,
251 1015 417 1095 ‘diatono
433 1031 644 1106 „mactandum
666 1027 811 1116 sumpsi,
829 1090 830 1094 ,
849 1028 902 1115 qui
924 1037 1012 1096 totus
1035 1038 1086 1096 est
1106 1030 1139 1094 in
1158 1029 1222 1094 hoc
1242 1027 1306 1114 pri-
1428 1037 1429 1044 ³

157 1165 158 1168 ’
251 1127 401 1235 veto‘rum
424 1146 598 1212 causarum
619 1168 765 1232 genere,
784 1233 786 1238 Ι
802 1154 836 1212 et
856 1168 919 1232 quo
940 1147 1048 1214 nullus
1069 1149 1176 1224 adhuc
1198 1145 1305 1231 magis

253 1265 295 1330 ob
316 1263 464 1330 omnibus
486 1265 660 1350 neglectus
682 1265 762 1346 fuit3
784 1265 875 1342 illud
891 1265 1005 1364 ,potius
1032 1266 1228 1348 verendum3
1260 1284 1303 1328 ne

251 1383 400 1468 ingratus
421 1381 516 1446 labor
538 1389 712 1468 appareat,
741 1391 777 1448 et
797 1355 956 1468 perpauci
978 1380 1077 1449 etium
1100 1383 1240 1468 posthoc
1261 1381 1304 1444 cd

250 1499 465 1567 lectitandum
477 1496 612 1566 Isaeum
633 1500 852 1587 promptiores
864 1498 965 1566 futuri
980 1499 1053 1568 sint.
1098 1473 1323 1585 Quamquam·

139 1707 142 1716 Δ
252 1618 281 1683 si
301 1616 372 1704 quis
394 1625 429 1682 ct
448 1618 498 1698 ius
521 1614 614 1684 civile
631 1617 879 1685 Atheniensium
902 1627 936 1684 et
956 1617 1020 1682 fori
1037 1615 1303 1682 consuetudinem

252 1755 491 1819 censorumque
521 1736 768 1826 tractandorum
799 1735 960 1800 rationem
990 1742 1024 1799 et
1044 1740 1148 1799 totum
1169 1733 1232 1819 hoc
1259 1733 1313 1813 iu-.

127 1907 130 1914 .
251 1847 378 1918 dicistis
407 1849 613 1937 eloquentiae
642 1872 746 1935 genus
777 1872 842 1914 non
874 1872 1008 1937 prorsus
1030 1852 1248 1934 spernendum
1272 1857 1305 1918 ot

252 1969 438 2056 cognitione
452 1968 621 2052 indignum
642 1989 717 2033 esse
733 1975 891 2052 ‚statuatj
914 1988 979 2032 non
999 1967 1094 2033 video
1115 1990 1212 2055 quem
1234 1988 1305 2032 ora·

250 2066 375 2170 torem,
415 2084 443 2149 si
464 2084 506 2150 eb
529 2075 592 2150 nno
615 2042 756 2152 timnium
783 2083 930 2172 principe
953 2083 1164 2169 discesseris,
1200 2085 1303 2172 potio·

249 2225 321 2272 rem
343 2203 471 2288 judicet
496 2201 613 2286 Isaeo,
648 2205 748 2286 'cnjus
777 2189 832 2269 de
858 2201 944 2269 civili
968 2204 1043 2284 jure
1072 2204 1238 2269 orationes
1270 2210 1305 2268 ct

250 2322 362 2408 plures
390 2329 469 2387 sunt
494 2341 598 2406 quam
628 2329 830 2406 ceterorum,
865 2329 1001 2407 praeter
1029 2319 1317 2403 Demosthcncm‚=

183 2447 189 2458 '
250 2439 410 2522 omnium,
440 2457 566 2522 eaeque
587 2437 620 2502 in
650 2460 716 2505 una
737 2441 878 2525 quodem
894 2437 979 2520 juris
1000 2447 1095 2524 parte
1117 2447 1301 2524 versantes,

250 2571 335 2644 qnae
358 2533 401 2622 cn
426 2553 477 2620 his
505 2547 579 2621 fere
601 2556 680 2622 solis
698 2528 935 2643 ²'cognoscenda
956 2565 1025 2640 cst,
1059 2563 1097 2622 et·
1113 2559 1157 2620 od
1178 2554 1302 2622 Demo·

214 2690 219 2697 ’
250 2674 374 2741 sthenis
394 2655 685 2760 incomparabilem
706 2675 944 2761 praestantium
965 2665 998 2737 in
1018 2673 1081 2736 hoc
1102 2661 1233 2765 quidem
1254 2661 1300 2739 te·

124 2859 126 2866 ,
248 2786 303 2858 nui
324 2811 366 2858 ec
388 2789 497 2857 subtili
517 2813 641 2877 genere
659 2793 787 2886 dicendi
804 2793 945 2860 omnium
959 2787 1106 2875 proximu
1127 2793 1300 2857 accedunt.

248 2909 453 2995 Et'agnovit
480 2929 561 2976 sane
591 2913 678 2977 hunc
697 2897 787 3004 lsaei
817 2911 950 2998 leudem
982 2907 1191 3002 consentiens
1212 2916 1300 2974 vete·

247 3049 320 3093 rum
351 3048 393 3092 ac
417 3019 651 3122 recentiorum
671 3016 862 3124 criticorum¹
872 3023 1063 3108 judiciurn⁵,'
1082 3015 1300 3111 proedicavit·

247 3165 310 3236 que
336 3143 495 3231 imprimis
516 3137 695 3228 Dionysius
719 3132 1025 3254 Huli'cpmcssensis
1058 3165 1098 3238 eo
1127 3163 1224 3230 quem
1257 3144 1298 3209 de

246 3262 344 3328 lsuco
375 3264 558 3348 composuit
583 3251 720 3347 libe110‚'
749 3272 786 3329 ut
810 3261 904 3327 nobis
925 3261 1056 3350 quidem
1083 3248 1297 3328 hunc²locum

159 3441 163 3445 .
247 3380 434 3446 accuratius
453 3350 659 3470 pertractare
676 3381 755 3446 nihil
768 3398 849 3466 opus
864 3380 921 3463 sit3
948 3401 1063 3447 verum
1085 3380 1173 3445 haud
1194 3379 1295 3445 multo

168 3560 201 3586 s,
247 3497 352 3562 minus
373 3507 485 3564 tamen
517 3491 724 3565 auctoribus
750 3499 868 3592 lsaens
890 3499 1064 3584 neglectus
1085 3497 1164 3582 fuit,
1198 3485 1295 3582 quom
1390 3503 1391 3512 ’

247 3636 269 3678 a
293 3615 544 3684 recentioribus.
603 3617 689 3682 Nam
719 3625 753 3683 ct
768 3619 949 3700 rhetores„
992 3616 1046 3701 qui
1078 3613 1175 3697 artis,
1205 3615 1298 3697 cujus

166 3705 176 3723 ⁰
238 3731 312 3829 iiie
329 3742 364 3799 et
393 3736 552 3819 magister
579 3735 827 3802 sollertissimus
862 3744 895 3802 et
923 3735 1079 3820 optimum
1108 3731 1296 3828 cremplum

244 3849 323 3936 fuit,
352 3845 536 3945 praecepio
555 3857 706 3940 tradunt,
732 3855 839 3920 rarius
859 3860 985 3919 tautum
1007 3853 1076 3933 ejus
1096 3852 1295 3946 mentionem

243 3967 384 4053 fuciunt,
427 3978 461 4036 et
487 3961 711 4064 memmenni,
755 3972 808 4060 qui
838 3978 894 4045 out
915 3971 970 4066 .‘¹.⁰
1000 3967 1152 4036 sermone
1181 3965 1294 4034 Attico

244 4094 300 4151 out
327 4087 368 4174 ple
390 4089 465 4170 jure
490 4111 535 4186 ¹oc
562 4061 850 4176 foro‘exponurit,
886 4087 1020 4154 Isaeum
1051 4085 1173 4180 testem
1204 4087 1293 4152 haud

242 4225 322 4274 sanc
343 4203 534 4296 frequenter
555 4197 659 4298 citone
681 4199 803 4298 solentr
833 4208 970 4294 denique
993 4207 1046 4293 qui
1068 4208 1109 4274 de
1130 4205 1199 4273 vita
1221 4205 1293 4310 ejus
