2942 4842
410 306 474 375 on
494 263 720 375 erumnas¹
740 277 1057 375 smunos'raru.
1162 321 1164 331 Α
1204 310 1269 376 eu

167 545 171 553 ,
204 475 280 542 σέων
291 500 326 543 v.
340 475 514 558 Νεμεσεέων
534 478 616 542 sesto
636 476 697 541 has
718 474 871 542 manibus
893 475 1028 542 inferias
1050 476 1175 544 oblatas
1196 441 1269 546 essi

204 578 342 664 colligas
372 576 587 643 eDemosth.
619 575 656 640 in
678 571 780 664 Spud.
800 601 842 665 p.
867 577 964 655 1031,
995 576 1052 644 13:
1086 576 1268 662 εἰσενεγκού-

203 703 262 761 σης
290 683 346 761 τῆς
375 677 451 762 ἐμῆς
470 676 614 762 γυναικὸς
635 678 677 751 εἷς
697 676 736 742 τὰ
757 677 908 759 Νεμέσεια
929 683 973 763 τῷ
994 679 1088 761 πατρὶ
1108 683 1189 760 μνᾶν
1210 678 1268 766 ἀρ-
1358 697 1360 712 ’

202 782 320 865 γαρίοο.
367 777 420 846 (ll.
440 779 636 866 Harpocrut.
659 777 694 842 b.
717 801 753 848 v.
774 774 862 861 ἑορτή
881 802 929 852 τις
943 770 1164 860 ἦνΝεμέσεωξ,
1185 787 1266 846 καθ’

116 895 123 908 “
202 880 242 964 ἢν
263 890 328 955 τοῖς
348 880 574 964 κατοιχομένοις
594 877 752 943 ἐιιετέλοον
770 876 810 942 τὰ
832 876 1022 961 νομιζόμενοι.
1064 881 1153 947 Add.
1170 880 1266 951 Suid.

204 1000 234 1048 et
256 983 355 1049 Pbot.
379 983 414 1049 b.
435 1006 470 1049 v.
486 980 571 1047 Lex.
594 981 679 1045 rhet.
702 1005 735 1068 p.
757 980 832 1062 282,
854 982 907 1046 32.
953 977 1094 1047 Causam
1116 982 1165 1048 rei
1185 982 1267 1050 Rei·

202 1085 297 1150 skius
319 1085 402 1149 bene
422 1080 627 1172 perspexisse
646 1081 777 1147 viderur
792 1081 831 1146 ad
845 1079 1018 1148 Demostb.
1040 1084 1065 1148 l.
1087 1085 1112 1148 l.
1136 1082 1266 1174 Quippe

203 1184 356 1274 placandi
386 1199 478 1249 erant
504 1205 616 1249 manes
645 1205 664 1246 a
689 1180 936 1270 superstitibus,
964 1207 1006 1248 ne
1025 1202 1265 1271 succenserent,

201 1287 230 1352 si
252 1287 335 1352 forte
356 1307 415 1372 per
435 1281 690 1373 imprudentiam
711 1281 834 1368 aliquid
854 1281 1010 1350 adversos
1032 1304 1087 1349 eos
1107 1284 1267 1374 deliquis-

203 1401 287 1465 sent.
311 1373 314 1382 ⁴
332 1385 425 1472 Quae
438 1402 548 1451 autem
569 1385 610 1449 ab
632 1383 709 1449 aliis
729 1377 1027 1450 commemorantur
1046 1383 1202 1466 Νεκέσια,
1223 1390 1265 1455 ab

201 1489 256 1555 his
277 1486 411 1554 nomine
432 1502 559 1552 tantum
575 1485 724 1568 diversa,
752 1509 788 1573 re
803 1487 915 1552 eadem
937 1486 1039 1552 luisse
1057 1489 1264 1557 crediderim.

89 1661 92 1670 ,
203 1590 281 1655 Vid.
310 1589 436 1655 Pollux
456 1585 519 1670 ΙΙΙ,
548 1588 639 1652 1⁰2·
664 1584 813 1652 Fuerunt
839 1602 946 1656 autem
968 1587 1024 1673 qui
1044 1589 1162 1668 γενέσια
1183 1614 1265 1677 quo.

202 1715 265 1778 que
286 1691 401 1756 eadem
423 1712 460 1755 ac
482 1685 603 1753 νεκέσια
624 1712 694 1755 esse
716 1687 879 1771 dicerent,
912 1687 946 1752 id
969 1688 1054 1774 quod
1076 1689 1264 1780 Hesychius

201 1805 436 1859 commemorat
464 1804 542 1857 tom.
571 1790 641 1878 lp.
663 1789 739 1868 815,
766 1790 822 1855 ssd
850 1788 898 1856 ita
919 1803 955 1854 ut
974 1790 1146 1879 plerosque
1167 1793 1265 1860 aliter

200 1893 350 1961 statuisse
378 1907 541 1982 appareat.
595 1891 638 1956 Et
658 1914 736 1957 sane
756 1889 797 1955 τὰ
817 1890 933 1975 γενέσια
953 1891 1057 1956 natali
1077 1893 1186 1982 potius
1204 1897 1265 1963 'aut

200 1997 300 2062 etiam
321 1993 494 2062 emortuali
517 1993 569 2058 die
590 1993 871 2059 iudeiunctorum
885 1992 1080 2060 memoriam
1101 1997 1264 2064 celebrata

131 2117 137 2128 ‘
199 2098 354 2166 videntur
376 2095 432 2180 (cl.
455 2094 602 2160 Lobeck.
626 2095 667 2160 ad
683 2095 814 2184 Pbryn.
837 2120 869 2185 p.
886 2093 960 2162 104.
992 2093 1046 2160 De
1067 2119 1151 2164 sacr.
1173 2097 1263 2188 priv.

198 2201 261 2266 ΙΙΙ.
283 2225 315 2290 p.
331 2196 383 2284 4.)
405 2197 447 2262 ab
465 2196 654 2264 bominibus
675 2195 950 2284 religiosioribus.
981 2195 1132 2282 ¹Inferias
1152 2215 1263 2268 autem

199 2321 225 2368 a·
245 2300 409 2391 plerisque
436 2322 503 2386 non
534 2300 644 2386 plures
677 2301 733 2364 sed
761 2297 908 2387 singulas
931 2299 1108 2385 'quotannis
1135 2302 1263 2370 oblatas

200 2427 269 2472 esse
295 2401 381 2467 illud
403 2398 584 2467 verisimile
605 2399 700 2482 facit,
735 2401 820 2486 quod
844 2417 910 2466 tam
932 2423 1026 2488 saepe
1047 2399 1170 2486 legitur
1190 2404 1268 2469 lvo·-

197 2492 286 2590 γέζειν
313 2499 395 2569 καθ’
420 2501 553 2566 ἕκαστον
580 2498 732 2568 ἐνιαυτόν.
754 2539 797 2552 -
827 2500 981 2569 Ceterum
1002 2525 1100 2588 quam
1121 2504 1262 2594 conjun-

198 2622 268 2674 ctus
291 2605 346 2674 bic
367 2603 515 2670 manium
538 2605 642 2670 cultus
664 2628 738 2669 cum
759 2608 843 2669 θεῶν
869 2599 1022 2690 πατρῴων
1042 2603 1260 2692 religionibus

196 2707 315 2790 luerit.
352 2729 406 2772 res
433 2705 504 2794 ipsa
535 2706 758 2790 demonstrat,
791 2730 892 2793 quum
923 2705 1015 2792 cujus
1043 2706 1116 2793 quis
1146 2727 1259 2776 manes

199 2811 338 2892 coleret,
371 2805 470 2898 bajus
492 2805 603 2873 etiam.
618 2805 684 2892 ἱερὰ
704 2812 835 2894 πατρῷα
857 2831 932 2873 eum
953 2809 1061 2875 colere
1082 2802 1262 2898 oporteret.

196 2911 382 2998 Utrumque
413 2907 502 2975 enim
528 2933 547 2974 a
572 2909 765 2999 parentibus
789 2909 831 2976 ad
857 2909 979 2978 liberos
1003 2913 1268 3002 propagabatur.

573 3175 879 3196 *¹⁴*—
