2824 4844
247 329 312 400 ιοο
353 291 358 303 ’
598 329 648 402 ια
667 327 954 420 nnneunnrn

248 515 319 568 turn
338 497 493 566 δκδδοσαν
518 497 740 590 posuerit-
767 497 866 576 οδτοις
885 495 1014 582 ἔχοντας
1033 497 1074 565 de
1095 495 1205 587 ἀτιμία
1226 498 1307 565 soci·

195 667 199 680 ,
247 603 404 692 piendum
430 623 500 669 esse
530 601 670 669 ostendit
696 601 883 692 oppositum
913 601 1050 681 ἐπίτιμον
1075 597 1171 667 ὄντας
1203 600 1307 692 etqui

248 703 353 787 ἄτιμοι
373 718 498 786 essent,
524 701 598 790 lege
619 725 717 788 egere
737 727 804 771 non
825 702 969 793 potuisse
991 715 1126 770 constet.
1171 700 1253 770 Vid.
1270 701 1306 767 ed

172 793 175 804 ’
248 825 297 872 or.
320 803 361 872 de
380 803 568 876 Aristoteli.
589 805 661 872 her.
691 805 728 892 ᾗ.
750 808 794 873 2⁰
815 819 846 886 et
866 804 915 871 ib.
938 817 1007 882 not.

329 903 378 973 ll.
420 903 608 997 EDionys.
630 905 657 973 1.
678 906 704 972 l.
726 930 760 996 p.
779 907 843 973 610
865 903 969 992 (340).
992 939 1036 956 ·-
1056 899 1304 992 Goniuptissimi
1391 905 1392 914 ’

246 1005 346 1097 hujus
365 1005 543 1094 fragmenti
563 1005 723 1073 sententia
739 1007 814 1074 telis
837 1003 1068 1076 esse'videtur:
1101 1005 1307 1091 conqueritur
1391 1005 1392 1042 ³

247 1107 366 1195 aliquis
392 1131 427 1176 se
454 1105 614 1190 ἐπισκευὴν
641 1107 805 1194 quendem
825 1108 860 1175 h.
883 1132 913 1175 e.
936 1105 1078 1174 aedificii
1098 1105 1306 1173 refectionem

247 1213 374 1284 efficere
413 1207 601 1296 nequivisse
632 1208 902 1278 adversariorum
933 1210 1046 1298 culpa,
1085 1206 1208 1297 quippe
1243 1208 1305 1293 qui,

245 1312 350 1403 ipsius
368 1309 578 1378 facultatibus
598 1308 719 1401 psrtim
739 1333 800 1397 per
826 1309 979 1397 liturgias
1000 1307 1203 1399 absumptis,
1238 1331 1307 1397 per·

246 1417 307 1482 tim
327 1436 387 1504 pro
408 1435 445 1479 re
466 1411 607 1500 quedem
633 1411 791 1479 'eonducta
818 1410 1064 1501 oppigneratis,
1091 1433 1176 1497 qnae
1196 1411 1306 1477 solutis

246 1539 292 1584 ex
311 1513 527 1582 oondnetione
548 1512 666 1580 debitis
693 1513 758 1580 sibi
779 1512 907 1602 reliqua
926 1513 1040 1579 futura
1058 1511 1223 1596 fuissent,
1253 1512 1309 1579 lite

246 1631 336 1684 motu
364 1615 492 1705 eripere
519 1614 585 1681 sibi
612 1613 719 1682 eonati
739 1612 818 1682 sint.
840 1651 884 1668 »-
914 1611 1128 1703 Gorrtiptelee
1148 1613 1307 1702 plurimae

246 1732 374 1786 suntet
394 1715 637 1807 apertissimae:
669 1714 854 1782 emendatio
872 1729 960 1782 oertu
979 1737 1098 1783 vereor
1109 1729 1146 1780 ut
1167 1715 1308 1782 inveniri

186 1883 189 1896 ,
246 1818 361 1911 possit.
401 1818 487 1885 Nem
502 1815 634 1884 Reiskii
654 1817 817 1884 rationem
831 1815 1014 1884 eoeuretins
1030 1813 1236 1901 redarguere·
1247 1841 1309 1884 non

246 1945 328 2008 opus
350 1933 419 1999 est,
448 1918 505 2006 qui
526 1915 659 2005 quidem
678 1933 890 2008 personatum
917 1919 1028 1984 locum
1049 1932 1141 2006 putet
1169 1919 1309 2008 reposito

244 2045 334 2091 vers.
347 2024 369 2086 2
382 2017 718 2106 καταλελειτοοργηκότι
734 2043 795 2110 pro
813 2016 1164 2102 καταλελειτοοργηκότα
1180 2035 1214 2086 et
1225 2045 1308 2089 vers.

245 2123 326 2204 όμε
353 2145 413 2211 pro
439 2121 513 2203 μέν,
548 2121 635 2208 quod
657 2121 784 2211 priores
805 2121 897 2188 editt.
925 2120 1308 2212 habent,voonstructio-

246 2238 454 2290 uomentem
475 2223 561 2289 hane
582 2245 652 2290 esse
671 2222 804 2290 statuite
839 2211 1099 2288 οὗτοιδκώλοσόν
1118 2245 1159 2304 με
1181 2219 1308 2306 ποιήσα-

246 2330 327 2392 σδαι
353 2322 412 2407 ’τὴν
442 2322 618 2407 ἐπισκευὴν,
652 2319 794 2404 λαχόντες
826 2323 894 2405 ipset
928 2319 1116 2405 τηλικαύτην
1144 2319 1249 2407 δίκαν,
1285 2315 1310 2411 ᾧ

246 2431 416 2512 προσῆκεν,
444 2421 652 2492 ἀποδεδωκότι
662 2423 721 2501 τδς
734 2421 922 2507 μισθώσεις,
949 2423 1025 2509 ἔχειν
1039 2419 1144 2488 κιόντα
1158 2422 1199 2490 τὰ
1212 2422 1311 2510 dado·

242 2551 342 2614 χονεα
362 2523 482 2614 τοότῳ,
510 2525 544 2603 ὃς
564 2523 663 2592 πάντα
682 2527 739 2609 μὲν
760 2517 857 2592 τᾶλλα
877 2523 916 2592 τό
937 2522 995 2602 ἔξω
1015 2530 1078 2592 τῶν
1099 2524 1310 2612 ἀποτιμηθέν-

245 2654 309 2696 των
340 2625 425 2716 αὐτῷ
451 2626 528 2694 όντα
556 2625 893 2714 καταλελειτοόργηκεν,
926 2629 953 2692 εἴ
973 2626 1008 2692 δὲ
1027 2627 1225 2706 δανείζεσθαι
1247 2625 1310 2711 ἱζή-

246 2757 307 2811 rer,
342 2727 398 2796 οδκ
425 2727 464 2794 δν
493 2722 560 2814 εὗρε
589 2729 644 2799 τόν
672 2729 721 2796 ἐπ’
751 2728 856 2805 αὐτοῖς
884 2727 974 2794 πλέον
1001 2747 1034 2793 τι
1054 2729 1250 2795 δανείσαντα.
1272 2767 1310 2780 -

245 2831 318 2920 Ego
338 2831 573 2921 veroprimum
589 2831 765 2899 relativum
785 2831 869 2898 illud
891 2819 916 2919 ᾧ
935 2853 1023 2898 vers.
1047 2833 1078 2915 1,
1101 2830 1188 2916 quod
1212 2855 1311 2918 quum

245 2931 293 2999 ite
313 2933 455 3022 positum
475 2934 537 3015 sit,
568 2947 604 2998 nt
632 2934 815 3002 necessario
837 2931 1080 3021 requiretur·iu
1100 2933 1310 3018 sequentibus

247 3031 373 3118 aliquid
399 3056 464 3117 qno
495 3032 672 3118 referetur,
704 3035 792 3102 nihil
819 3048 928 3101 temen
955 3033 1072 3114 habet,
1105 3056 1169 3119 quo
1193 3034 1311 3102 referri

246 3131 367 3222 possit,
401 3147 593 3221 corruptum
613 3137 776 3202 affirmare
798 3160 865 3203 non
886 3135 1011 3202 dubito.
1056 3131 1132 3203 Jem
1154 3159 1235 3202 vero
1257 3161 1313 3200 κα-

222 3237 225 3242 '
246 3231 554 3320 ταλελειτουργηκότα
575 3260 679 3323 neque
699 3237 810 3327 ipsum
831 3239 930 3304 habet
951 3236 1037 3302 unde
1058 3235 1220 3324 pendeat,
1253 3260 1312 3302 ne·

246 3359 309 3424 que
338 3335 368 3414 si
406 3337 444 3404 in'
468 3327 624 3406 'detivum
656 3355 820 3419 mutetur,
852 3339 1030 3425 quidquam
1059 3361 1098 3403 eo
1128 3338 1311 3426 proficitur.

236 3435 353 3505 'Porro
383 3437 420 3506 iu
447 3437 501 3506 his
530 3440 729 3530 δανειζομένῳ
760 3439 792 3506 δ’
825 3439 923 3516 οὐδεὶς
953 3438 992 3504 ἂν
1012 3438 1122 3504 ἔδωκεν
1144 3475 1189 3487 -
1202 3433 1311 3516 οὐδὲν,
1391 3487 1392 3534 ,

213 3577 215 3582 ,
247 3535 455 3604 ἀποδεδωκότι
481 3537 538 3614 τδς
557 3540 739 3623 μισθώσεις,
771 3542 846 3624 ἔχειν
867 3545 933 3608 κτλ.
955 3542 1047 3608 nulle
1068 3555 1117 3616 est
1137 3538 1311 3622 sententie,
1391 3535 1392 3544 ¹

246 3639 303 3707 sed
326 3655 460 3730 apparet
487 3643 649 3712 excidisse
677 3643 841 3736 objectum
862 3642 957 3711 verbi
978 3641 1070 3725 dignes,
1098 3641 1201 3728 'idque
1223 3640 1313 3728 ejus·

246 3739 356 3825 modi,
384 3739 470 3828 quod
493 3761 712 3834 opponeretur
732 3745 786 3812 itti
806 3743 826 3810 ἃ
847 3745 903 3827 μὲν
926 3741 1070 3829 ὑπῆρχεν.
1113 3741 1314 3829 Honigimr

239 3842 470 3932 'reponendum
493 3861 560 3926 est,
582 3861 613 3912 et
630 3846 762 3932 quidem
777 3861 852 3914 ante
862 3847 958 3915 verb.
975 3840 1196 3910 ἀποδεδωκότι.
1238 3842 1314 3908 De·

183 4001 186 4008 .
245 3943 345 4033 nique
365 3968 453 4014 vers.
475 3947 497 4012 5
517 3946 574 4028 μὲν
594 3947 674 4034 quin
695 3947 731 4014 in
747 3973 786 4030 με
806 3947 1000 4016 mutandum
1020 3946 1152 4013 sitnon
1173 3943 1316 4010 dubium

247 4060 311 4114 est:
338 4047 552 4133 quamobrem
573 4048 637 4115 hoo
657 4049 770 4117 statim'
788 4050 932 4139 reposui.
975 4045 1052 4117 Jem
1071 4047 1101 4114 si
1122 4046 1208 4114 mihi
1228 4043 1317 4112 illud

184 4141 190 4152 ⁸
235 4135 273 4232 ᾧ
293 4147 433 4225 δοκοὶ,
470 4147 818 4237 καταλελειτονργηκότα
845 4152 883 4218 in
914 4144 1227 4233 καταλελειτοόργηκα
1259 4159 1318 4213 unt

108 4263 109 4266 ’
138 4283 140 4289 ·
224 4235 580 4334 “καταλελειτοοργη’κειν
597 4255 728 4320 'mutere
749 4253 962 4340 concedatur,
991 4245 1175 4341 probabilis
1197 4247 1320 4316 existet
