2824 4844
305 363 563 438 conmotus
583 366 684 440 mo
698 369 978 441 nurmcnro.
1103 369 1167 442 ιιι
1274 324 1276 330 ’

115 531 244 622 λιῦτηκε,
281 534 342 604 ddo·
369 533 422 622 i'mp
448 541 505 604 τοῦ
534 539 693 623 διαιτητοῦ
720 538 779 623 τὴν
808 539 937 607 δίαιται
959 540 1093 623 ἴχιιιτιις·
1111 539 1166 607 οὐκ
1251 593 1260 601 .
1397 561 1398 568 ’

114 635 307 723 ἠδυνήθησαν
334 637 444 720 addend
440 663 479 704 αι
504 641 679 727 μαρτυρίαι
705 637 801 726 εὑρεῖν
823 644 888 709 ιιι).
931 641 1168 745 Putabim'usne'·

113 737 250 828 priorem
277 739 379 814 illam
393 740 535 828 diaetam
554 765 615 829 per
635 741 806 812 biennium
831 756 968 812 tractam
990 761 1059 812 esse
1079 743 1165 833 apud

112 863 207 908 unum
227 841 420 934 diaetetam,
447 865 490 908 an
511 842 552 908 de
573 843 698 910 duabus
720 838 837 930 diaetis
858 843 921 910 hoc
937 844 1165 946 accipiamus?

110 941 217 1012 Priori
229 942 409 1010 sententiae
426 944 532 1010 obstat
546 944 632 1031 qnod
652 924 865 1012 diaetetarum
883 968 1002 1012 munus
1013 959 1168 1022 annuum

98 1043 190 1112 «fuit
187 1043 279 1129 (uid.
301 1043 518 1118 Hudtwalck.
508 1070 574 1133 .Ρ.
579 1050 631 1117 5.
654 1045 702 1131 6)
710 1089 722 1128 ,
748 1044 968 1146 posteriori,
963 1047 1061 1133 quod
1085 1047 1165 1126 duas

110 1145 182 1210 istas
212 1145 334 1212 diaetas
365 1169 432 1214 non
467 1146 509 1212 ab
536 1165 603 1218 uuo
631 1139 769 1214 diaeteta
801 1161 889 1224 actas
916 1169 986 1212 esse
1019 1159 1164 1240 apparet.

107 1243 216 1332 *ltaque
236 1243 518 1316 Hudtwalckerus
541 1271 572 1336 p.
592 1249 614 1312 7
635 1245 868 1331 corrigendum
883 1260 981 1335 ¹putat
1000 1253 1065 1338 τῶι
1076 1235 1165 1313 ’διαι-

109 1352 204 1430 τητῶι
234 1346 291 1430 τὴν
318 1349 443 1414 δίαιται
470 1345 617 1430 ἑχόντωιι
656 1347 741 1417 mibi
771 1361 882 1414 tamen
911 1364 1041 1439 recepta
1067 1349 1165 1416 lectio

107 1448 230 1522 servari
250 1449 507 1538 possevidetur,
532 1449 562 1516 si
576 1448 709 1536 quidem
726 1449 922 1528 concedatur
938 1449 1012 1516 fieri
1022 1445 1166 1540 potuisse

108 1565 142 1618 ut
157 1549 249 1618 idem
268 1550 508 1629 iilediaeteta,
543 1550 599 1636 qni
626 1565 762 1644 causam·
776 1543 975 1637 ¹cognoscere
996 1551 1166 1640 coepisset,

106 1675 203 1738 quom
225 1651 516 1744 dijudicareintra
538 1653 663 1718 annum
683 1667 753 1720 uon
773 1650 959 1741 potuisset,
977 1665 1110 1741 propter
1130 1651 1166 1718 id

106 1752 210 1842 ipsum'
231 1752 330 1821 etiam
350 1754 386 1819 in
407 1751 599 1840 proximum
621 1775 744 1820 annum
766 1764 860 1819 extra
882 1752 1031 1820 ordinem
1053 1757 1166 1820 reiice-
1284 1780 1288 1790 ¹

105 1866 218 1925 retur.
247 1851 299 1920 lta
320 1855 400 1922 bueo
422 1853 486 1921 erit
506 1853 597 1920 illius
618 1853 686 1923 loci
706 1845 885 1942 sententiaa
915 1853 1054 1920 Nullum
1074 1853 1167 1921 testi-

105 1955 248 2022 monium
267 1954 449 2024 adversarii
468 1954 619 2023 invenire
633 1968 827 2044 potuerunt,
856 1954 934 2022 licet
954 1957 1003 2021 ab¹
1018 1955 1166 2023 instituta

104 2057 145 2123 ab
171 2055 344 2146 Euphileto
374 2057 433 2126 lite
460 2082 521 2146 per
547 2055 720 2124 biennium
750 2043 849 2122 causa
875 2056 962 2145 apud
993 2056 1165 2148 (priorem)

104 2158 277 2226 diaetetam
294 2173 365 2224 acta
379 2157 438 2224 sit:
466 2179 568 2243 eaque
588 2157 660 2247 ipsa
681 2181 756 2241 res,
778 2158 863 2244 quod
877 2173 945 2224 tam
965 2159 1166 2244 longo-tem-

93 2283 180 2348 pore
200 2259 312 2324 nullus
330 2257 423 2326 testis
444 2257 586 2346 produci
595 2258 719 2352 potuit,
750 2272 943 2374 ptr-umque,
972 2273 1004 2325 et
1019 2259 1167 2347 prio-rem

102 2376 134 2427 et
162 2359 378 2450 posteriorem
407 2357 581 2424 diaetetam
610 2357 797 2446 permovit,
833 2373 871 2424 ut
898 2375 959 2446 pro
981 2355 1166 2478 Euphileto

101 2461 296 2584 sententium
316 2457 581 2551 pronuntiarent.
962 2487 964 2492 ·

500 2613 783 2640 ..wau—nn

186 2765 223 2853 ἦ.
247 2765 279 2836 1.
309 2765 393 2838 τινος
413 2761 520 2829 εἵνεκεν
539 2800 594 2833 -.
626 2763 699 2832 Vix
718 2763 816 2832 credo
837 2761 883 2832 ita
905 2759 947 2830 ab
966 2761 1061 2830 Isaeo
1082 2763 1166 2830 scri·

96 2884 193 2959 ptum
217 2892 303 2952 esse,
333 2865 391 2952 qui
411 2865 493 2932 alias
514 2889 644 2952 semper
664 2859 750 2931 iberra
770 2866 907 2932 babeat:
938 2861 1035 2932 'nolui
1055 2879 1166 2932 tamen

96 2985 229 3037 mutare
256 2982 390 3059 propter
410 2968 563 3036 Thomas
583 2966 735 3052 Magistri
764 2965 1008 3050 auctoritatem,
1041 2967 1095 3033 cui
1122 2967 1164 3034 F.
1241 2967 1249 3052 ss

95 3071 143 3138 A.
168 3064 314 3137 Wolfius
346 3093 473 3157 quoque
500 3070 695 3156 obsequutus
716 3068 895 3136 mutatione
917 3067 1074 3142 abstinuit
1094 3068 1165 3134 De·
1228 3127 1231 3133 ,

95 3173 221 3240 mostb.
245 3171 340 3259 Lept.
361 3173 476 3260 Ρ.,338
496 3187 528 3260 et
552 3168 724 3261 Spalding.
744 3169 884 3263 Midisn.
900 3163 939 3260 p.
961 3171 1021 3250 883
1049 3193 1165 3255 quam·
1191 3189 1195 3198 ’

95 3273 263 3360 qnam-ab
285 3271 360 3338 eliis
388 3272 468 3337 talia
481 3271 589 3340 ¹etiam
610 3282 723 3340 contra
744 3271 893 3340 omnium
915 3270 1064 3338 codicum
1085 3286 1164 3338 con·
1203 3298 1209 3305 ·

93 3397 235 3440 sensnm
264 3385 389 3440 mutata
416 3395 486 3440 esse
515 3373 666 3440 memini.
695 3371 934 3442 ,Confidentiae
962 3359 1069 3462 οδιιιιιι
1089 3372 1165 3439 ubi·

93 3497 228 3562 cunque
256 3496 317 3563 pro
337 3471 430 3537 {beno
459 3474 618 3564 scriptum
646 3489 695 3542 est
714 3476 755 3540 ab
777 3474 964 3541 oratoribus
972 3473 1106 3568 pariter
1127 3498 1165 3540 ac

90 3576 208 3666 poetis
227 3574 405 3647 arcendum
426 3598 496 3644 esse
517 3575 696 3660 suaserim,
723 3577 815 3644 velut
834 3576 1009 3643 Demostb.
1033 3575 1081 3642 dc
1094 3601 1162 3645 cor.

88 3702 127 3766 Ρ.
153 3679 237 3761 322,
266 3677 319 3744 12.
346 3675 430 3768 Lys.
462 3675 501 3741 de
532 3678 605 3744 olea
617 3703 665 3767 p.
687 3671 802 3746 291.
790 3703 828 3744 ιιι
837 3678 1003 3746 Euandr.
1031 3703 1064 3767 p.
1054 3681 1163 3760 Ast,

90 3777 293 3850 Ahlwardti
322 3777 529 3852 rationibus
535 3793 722 3866 permotus,
755 3803 835 3867 quas
866 3780 1044 3847 nemodum
1074 3781 1165 3846 reiu-

88 3895 188 3946 tasse
211 3878 353 3962 videtur.
403 3878 488 3946 Nam
519 3880 616 3968 quod
631 3876 828 3980 Schaeferus
852 3882 945 3972 App.
973 3882 1047 3950 crit.
1069 3882 1103 3946 Π
1130 3908 1162 3970 p.

86 3981 164 4048 364
185 3980 393 4072 Hesychium
414 3980 565 4071 opponit,
597 3981 1165 4073 apudquemtom.llp.8161e-

86 4081 191 4166 gitur
219 4080 338 4149 ουίικιι.
361 4080 473 4170 χάριν,
502 4083 714 4172 depravatam
734 4107 803 4151 esse
832 4081 1008 4152 lectionem
1029 4084 1165 4149 demon·

84 4197 181 4250 strat
208 4183 330 4252 codicis
362 4185 523 4276 scriptura
546 4183 634 4272 apud
649 4182 901 4308 Sobowiump.
924 4187 1007 4254 692.
1045 4183 1164 4251 οὕνεκα.

83 4309 119 4349 οι
122 4308 226 4371 γαριν
257 4286 342 4371 quod
365 4305 499 4377 apparet
526 4309 596 4356 esse
626 4311 663 4352 ov
688 4285 805 4374 χάρις
831 4287 928 4374 idque
946 4285 1166 4376 Sobaefcrum

919 4389 968 4460 31,
