2824 4844
238 321 304 392 ssu
431 395 436 408 ,
516 353 519 364 ·
577 316 634 416 ιιι
647 316 930 468 ommonem

324 485 390 558 Sed
421 485 462 556 da
486 485 548 556 ille
566 459 823 579 praescriptione
849 488 1002 578 pluribus
1023 487 1108 558 mihi
1130 490 1300 582 disputen-

239 592 320 660 dum
347 588 479 678 videtur
507 605 621 658 contra
649 588 818 670 Platneri‚
848 589 917 659 viri
942 591 1142 710 doctissimi,
1171 592 1300 682 opinio·

239 716 316 762 uem
336 690 377 758 de
405 688 457 761 lit.
487 706 519 758 et
544 705 608 758 act.
629 685 667 758 Π
693 714 726 780 p.
747 693 823 757 327.
865 691 952 758 Nam
971 716 1072 780 quum
1093 694 1130 760 in
1151 692 1241 762 libro
1262 695 1301 760 de

240 794 314 862 ord.
335 791 407 880 jud.
427 792 452 857 1.
473 792 499 858 1.
520 793 606 860 hunc
627 815 689 908 ego
710 791 905 860 sententiam
925 795 1099 884 amplexus
1121 818 1240 877 essem,
1266 809 1301 860 ut

240 896 282 961 de
306 891 488 960 hereditate
516 905 630 959 contra
662 891 771 982 ipsum
798 891 930 978 quidem
954 893 1101 982 primum
1130 895 1299 980 heredem,

239 994 398 1083 quamdiu
416 993 562 1076 viveret,
589 991 846 1060 controversiam
866 993 994 1062 moveri
1014 995 1160 1082 potuisse
1180 1010 1300 1063 statue·

239 1121 333 1186 rem,
362 1109 474 1162 contra
496 1117 527 1163 ss
516 1091 646 1182 hnjns
666 1108 775 1160 morte
796 1094 838 1160 ad
859 1095 1019 1180 alium,
1007 1097 1114 1214 ipsius
1131 1098 1300 1181 heredem,

239 1199 328 1266 hona
347 1194 594 1288 pervenissent,
625 1194 916 1284 praescriptionem
935 1196 1037 1264 fuisse
1058 1196 1299 1316 quinquennii:

238 1298 319 1368 huic
348 1295 525 1364 sententiae
550 1296 746 1382 obloqnutua
766 1295 939 1364 Platnerns
959 1297 1179 1386 quinquennii
1205 1323 1300 1389 pree·
1393 1295 1394 1300 ’

238 1396 452 1489 scriptionem
472 1396 571 1465 etiam
597 1396 634 1463 iu
654 1396 755 1487 primu
745 1397 905 1468 heredia
927 1397 1068 1484 patiam
1090 1399 1301 1468 constitutam

239 1500 399 1570 fnisseh.
421 1521 451 1566 e.
478 1496 578 1564 etiem
604 1511 717 1590 contra
738 1499 827 1564 hunc
848 1500 888 1566 de
907 1499 1088 1567 hereditate
1109 1517 1302 1570 controver-

240 1603 326 1672 siam
352 1603 421 1668 noia
447 1598 516 1666 nisi
541 1598 629 1666 intra
650 1597 910 1688 quinquennium
936 1598 1029 1668 ab'
999 1623 1071 1693 equs
1089 1617 1218 1687 morte,
1248 1601 1302 1689 qni

239 1701 337 1774 illam
362 1698 566 1788 reliquisset,
594 1701 723 1768 moveri
748 1699 891 1790 potuisse
912 1701 1088 1769 contendit.
1130 1702 1303 1772 Adversa·

239 1822 296 1873 tur
319 1816 431 1873 autem
450 1800 599 1869 Platneri
625 1801 777 1890 opinioni
802 1802 948 1892 primum
973 1801 1072 1894 hujus
1091 1801 1200 1892 ipsius
1221 1803 1302 1870 Ari·
1393 1837 1394 1842 ι

241 1905 410 1976 starcheae
424 1926 540 1970 censae
556 1906 759 1991 exemplum.
780 1901 865 1997 Nam
873 1903 1108 1972 Aristarchum
1124 1905 1312 1990 minorem,¹

241 2008 299 2095 qui
319 2005 447 2098 primus
469 2003 675 2091 cognominis
692 2004 762 2088 sni,
790 2004 845 2072 avi
860 2006 1009 2096 paterni,
1036 2021 1193 2092 tanquam
1214 2006 1303 2072 filins

241 2107 414 2196 adoptivus
442 2104 657 2172 hereditatem
685 2105 771 2196 cepit
801 2106 853 2192 (ἦ.
873 2106 897 2172 8
917 2107 1026 2196 sqq),
1065 2106 1189 2195 viginti
1218 2123 1304 2174 certe

109 2247 114 2264 ·
241 2233 346 2278 anuos
367 2221 481 2274 natum
501 2207 601 2274 fuisse
621 2221 773 2298 apparet,
804 2231 906 2294 quum
925 2207 1072 2274 militans
1092 2207 1220 2276 obiretz
1241 2207 1304 2276 ita·

242 2335 304 2399 qna
324 2310 355 2378 si
374 2309 462 2376 iutra
477 2307 737 2397 quinquennium
755 2321 829 2396 post
848 2307 985 2398 majoris
1001 2307 1193 2376 Aristarchi
1214 2334 1305 2378 mor·

241 2427 307 2480 tens
335 2409 550 2478 hereditatem
570 2412 611 2476 ab
635 2409 697 2493 iis,
728 2409 784 2497 qui
812 2433 908 2480 auum
929 2409 980 2498 jus
1000 2409 1118 2500 potins
1131 2434 1203 2478 esse
1225 2435 1305 2478 con·
1392 2491 1393 2500 ρ

240 2514 427 2610 tenderent,
454 2512 521 2600 petr
530 2511 693 2597 oportuit,
722 2525 857 2599 apparet
871 2535 945 2578 eum
962 2535 1049 2579 nunc
1060 2512 1214 2598 quidem,
1236 2527 1304 2578 tam
1392 2501 1393 2528 ¹

240 2615 355 2686 multis
374 2628 449 2700 post
468 2611 582 2694 annia,
610 2613 703 2680 nullo
716 2612 817 2680 modo
827 2611 896 2698 peti
917 2612 1078 2708 potuisse,
1106 2629 1138 2680 et
1151 2612 1304 2680 debuisse

240 2717 353 2803 utique
373 2730 518 2782 actorem
538 2730 687 2802 nostrum
709 2714 854 2781 excludi.
902 2699 977 2804 iqise
998 2729 1106 2782 antem
1126 2713 1175 2780 ita
1195 2713 1303 2802 loqui-

240 2834 295 2894 tur
316 2812 354 2905 ξ.
367 2817 420 2900 18,
440 2817 479 2882 ιιι
497 2793 765 2903 mirumquidem
785 2815 893 2883 videri
912 2828 1057 2905 possset
1077 2817 1304 2882 excusandum

241 2943 312 2988 esse
333 2920 541 3008 profiteatur,
572 2917 658 3003 quod
681 2931 750 2982 tam
769 2939 844 2982 saro
865 2930 970 3006 petat:
1000 2916 1052 3007 jus
1073 2932 1185 2984 autem
1205 2941 1304 2986 ιιιιιιιι

240 3034 413 3110 propterea
440 3016 582 3091 deterius
607 3018 731 3084 iactum
756 3033 789 3087 et
811 3018 1023 3090 adversarios
1050 3018 1114 3086 ista
1141 3018 1305 3105 praescri·

240 3121 352 3212 ptione
380 3113 431 3184 uti
462 3139 556 3207 posse
582 3117 624 3185 ad
651 3143 686 3186 se
713 3119 955 3186 excludendum
981 3143 1026 3186 ne
1045 3121 1148 3188 serito
1171 3119 1305 3207 quidem

240 3221 417 3310 significat.
460 3216 623 3286 Similiter
642 3219 883 3288 Demosthenes
909 3209 1057 3308 loquitur
1077 3235 1139 3288 ιιι.
1163 3220 1303 3287 Macnrt.

240 3321 457 3413 p.1073,5.·
492 3316 609 3388 codano
635 3320 724 3388 οὐδὲν
751 3321 836 3406 ἔμελε
859 3320 1035 3410 Θεοπόμπῳ
1064 3320 1136 3388 cidi
1162 3325 1306 3408 Moscon-

242 3421 326 3509 πάτῳ
346 3416 465 3510 τούτῳ,
498 3421 577 3495 ἀλλὰ
598 3429 689 3492 τοῦτο
710 3422 806 3508 μόνον
826 3451 861 3490 τι
850 3421 922 3488 cd
944 3423 989 3508 μὴ
1011 3419 1208 3508 προσήκοντα
1230 3419 1307 3488 ico·

242 3533 307 3600 ταῖς
326 3521 403 3606 ἔχειν
422 3524 473 3590 καλ
493 3523 629 3610 ἐγκαλεῖν
649 3525 696 3592 ὅτι
707 3526 804 3592 πολὺν
820 3521 933 3612 χρόνον
954 3521 1086 3611 ἐχόντων
1107 3519 1228 3589 ἑαυτῶν
1250 3521 1307 3589 τὸν

242 3629 355 3710 κλῆρον
374 3627 441 3692 vovi
462 3625 667 3712 ἀγωνίζονται.
701 3625 759 3712 ιρι)
780 3627 813 3692 δ’
836 3626 944 3716 ᾤμην,
971 3618 996 3694 oi
1017 3623 1128 3712 ἄνδρες
1149 3625 1308 3705 δικασταὶ,

242 3723 405 3813 προσήκειν
439 3726 494 3794 τὸν
523 3723 689 3811 τάλλότρια
718 3727 831 3808 ἀδίκως
858 3728 968 3812 ἔχοντα
998 3726 1055 3794 οὐκ
1085 3727 1242 3812 ἐγκαλεῖν,
1282 3729 1309 3791 ιλ

242 3829 334 3896 πλείω
350 3827 462 3916 χρόνον
483 3826 574 3912 εἶχεν,
602 3827 680 3894 ἀλλὰ
698 3826 791 3917 χάριν
812 3831 941 3915 ειδέναι,
978 3828 1023 3913 μὴ
1044 3823 1137 3913 ἡμῖν,
1165 3823 1246 3895 ἀλλὰ
1269 3833 1310 3916 τῇ

242 3926 338 4018 rixa,
378 3930 426 3998 ὅτι
456 3932 568 3996 πολλαὶ
594 3932 646 3996 καλ
672 3930 835 4017 ἀναγκαῖαι
862 3931 1018 4018 διατριβαὶ
1047 3931 1185 4015 ἐγένοντο
1207 3932 1241 3996 ἓν
1263 3935 1310 4018 τῷ

171 4037 173 4046 ’
241 4033 355 4115 μιταξῢ
383 4029 504 4120 χρόνῳ,
539 4030 618 4109 ὥστε
644 4034 710 4100 vovi
737 4035 804 4120 περὶ
833 4030 951 4100 τούτων
984 4029 1058 4116 ἡμῖν
1091 4031 1309 4117 ἀγωνίζεσθαι.

242 4133 284 4200 Et
308 4132 520 4203 menifestum
541 4159 585 4200 ex
610 4134 663 4202 his
691 4134 771 4223 ipsis
791 4135 903 4204 verbis
933 4155 1002 4202 esse
1024 4134 1190 4220 arbitror,
1219 4135 1310 4202 hanc

243 4257 369 4320 quoque
390 4233 431 4300 de
445 4233 598 4324 Hagniaa
613 4235 793 4304 hereditate
805 4261 937 4306 causam
957 4236 1099 4328 amplius
1121 4236 1310 4324 quinquen·
