2824 4844
262 335 328 407 tot
366 335 416 408 ΙΝ
434 333 604 406 ruach.
628 336 769 406 ORAT.
792 335 984 408 CONTRA
1003 338 1276 413 nuntiorum.

263 502 472 592 δεσμωτήριον
497 503 584 591 παρὰ
605 513 671 581 τοϊς
690 507 840 582 Βοιωτοῖς
868 505 951 574 οὕτω
972 506 1182 598 καλούμενον,
1213 511 1257 590 ὥς
1275 515 1319 579 καί

262 607 348 694 παρὰ
369 617 435 684 τοῖς
448 607 597 694 Κυπρίοις
616 602 633 672 ὃ
654 603 797 693 κίραμος.
839 607 944 696 Atqui
955 608 1090 680 Boeotia
1110 621 1240 702 quoque
1260 640 1319 682 nou

262 708 410 776 dedamur
438 707 495 776 aad
525 707 690 794 ἀναγκαῖον
715 706 873 774 tribuitur
899 708 936 775 iu
956 710 1044 780 Lex.
1076 714 1164 782 rhet.
1195 741 1229 804 p.
1251 719 1318 800 202,

262 812 316 895 15,
345 811 523 898 eodemque
555 809 690 877 nomine
710 809 952 878 Thebanorum
979 837 1143 882 carcerem
1173 815 1318 904 designa·

259 930 331 980 tum
356 912 498 1000 legimur
525 909 611 1000 apud
631 908 887 1000 Xenophontem
913 909 1006 980 Hall.
1028 913 1074 998 V,
1101 915 1136 995 4,
1168 918 1191 983 8
1212 933 1244 984 et
1272 920 1317 988 ll.

258 1014 303 1082 lit
323 1028 371 1082 eat
391 1037 469 1082 aane
489 1012 572 1079 haec
591 1012 699 1078 forma
719 1011 940 1100 probabilior,
973 1013 1051 1081 licet
1071 1014 1167 1083 illam
1188 1018 1319 1086 alteram

261 1141 314 1208 ap.
335 1115 484 1209 Etymol.
506 1138 571 1202 quo
593 1113 703 1180 minna
732 1112 866 1180 librarii
887 1114 994 1182 errori
1014 1117 1226 1186 tribuendam
1247 1145 1318 1187 cen·

259 1241 388 1286 aeamua
399 1228 512 1284 rotant
527 1237 609 1302 quae
628 1211 741 1281 atatim
755 1213 1015 1304 subjunguntur-r
1048 1217 1171 1294 ἀξιοῦσι
1192 1221 1230 1285 δέ
1247 1244 1318 1296 τινες

258 1317 400 1386 decretor
426 1313 620 1403 γράφεσθαι,
648 1312 722 1402 ὅπερ
751 1313 816 1379 loci
837 1313 878 1402 1τὸ
900 1317 1133 1404 Διοσκουρεΐον.
1176 1320 1318 1406 Pertinet

186 1509 190 1516 ,
258 1435 368 1488 autem
395 1407 606 1486 hauddubie
636 1416 699 1483 hoe
728 1418 891 1504 gloaaema
918 1417 959 1484 ad
981 1417 1127 1506 aliquem
1153 1423 1317 1513 acriptoria

257 1525 390 1606 locum,
423 1519 463 1586 de
480 1543 544 1607 quo
560 1517 752 1584 dubitarunt
772 1517 854 1584 olim
874 1518 1087 1608 interpretes,
1117 1537 1196 1588 utra
1217 1525 1318 1590 forma

256 1637 438 1715 praestaret
457 1635 490 1688 et
510 1642 663 1687 carcerne
683 1641 727 1685 an
753 1622 913 1706 templum
935 1615 1110 1687 Gestorum
1130 1615 1316 1713 intelligen-

258 1726 337 1794 dum
358 1737 454 1791 eaaet.
506 1719 670 1789 Similiter
696 1719 863 1806 ambigere
889 1720 1082 1811 interpreter
1108 1723 1261 1792 videmur
1280 1727 1316 1793 de

255 1825 430 1894 Demmth.
452 1836 514 1890 ctr.
537 1819 652 1910 Steph.
673 1820 691 1888 l
711 1846 744 1910 p.
763 1821 860 1908 1125,
879 1821 940 1890 24:
972 1822 1107 1908 ιιοιηρός
1128 1815 1224 1901 οὗτος
1242 1825 1315 1894 ἄνω-

256 1934 314 1994 θεν
334 1926 367 1992 lx
393 1929 450 1992 τοῦ
471 1921 610 1988 ἀνακείου
630 1923 682 1988 καὶ
703 1919 826 2004 ἄδικος,
860 1923 920 1991 ubi
939 1924 1098 1992 lleialtiua
1119 1932 1313 2013 ergastulum,

252 2029 417 2115 ρίανίαιιιιι
445 2023 622 2109 intelligit,
653 2021 800 2091 Wolfina
826 2037 936 2092 autem
962 2041 994 2092 et
1015 2023 1216 2095 Schaelerua
1244 2043 1314 2094 teat·
1389 2039 1390 2070 ί

251 2133 362 2218 plum,
390 2142 422 2194 et
441 2149 520 2193 rere
542 2123 685 2212 quidem.
729 2124 809 2193 Vid.
824 2126 914 2217 App.
936 2125 1010 2194 crit.
1032 2125 1065 2194 V
1085 2152 1120 2217 p.
1137 2130 1213 2198 198.
1258 2129 1312 2198 Ge·
1389 2183 1390 2202 ι

255 2255 330 2302 rum
351 2228 469 2298 Boeoti
491 2227 645 2312 lortaace,
676 2240 712 2293 ut
736 2227 818 2294 Φίκα
841 2229 1002 2294 dixerunt
1020 2251 1081 2317 pro
1103 2231 1244 2316 Σφίγγα,
1272 2233 1312 2300 ita
1389 2219 1390 2232 ¹

254 2333 355 2400 etiam
376 2329 525 2397 ἀνοκαῖον
557 2329 638 2416 (non
660 2324 821 2415 deductor)
849 2353 910 2417 pro
932 2328 1099 2413 ἀναγκαῖον
1121 2331 1246 2400 dixisse
1265 2334 1311 2402 ri·

254 2435 326 2504 deri
352 2447 518 2525 poterunt.
569 2430 779 2518 Quamquam
804 2432 938 2498 suerunt
965 2421 1023 2518 qui
1047 2431 1133 2498 illud
1155 2457 1310 2502 nomene

252 2535 458 2605 Phoenicum
479 2533 594 2620 lingua
607 2546 807 2622 repeterent,
835 2555 854 2598 a
871 2527 996 2599 (ladmo
1018 2530 1143 2600 scilicet
1162 2535 1311 2606 inssoeo·

159 2635 164 2644 ’
252 2639 334 2706 tiam
354 2637 544 2713 advectum,
567 2659 585 2700 e
607 2635 724 2722 quibua
744 2657 848 2700 unum
868 2633 1005 2700 laudare
1026 2635 1146 2702 sufficit
1166 2637 1310 2704 doctissi-

251 2763 345 2808 mum
370 2736 600 2806 Hamakerum
632 2735 770 2802 Miscell.
802 2734 962 2803 Phoenic.
991 2757 1026 2824 p.
1048 2737 1125 2803 3⁰2.
1168 2736 1309 2804 Facilior
1388 2763 1389 2776 ¹

253 2840 405 2930 equidem
426 2840 466 2905 de
481 2829 804 2925 Carthaginiensium
823 2859 971 2914 carcere,
1000 2859 1097 2924 quem
1118 2835 1242 2922 ἀγκῶνα
1261 2840 1309 2906 di·

251 2955 341 3010 ctum
370 2927 440 3008 aare
460 2938 642 3028 Procopiua
662 2938 755 3005 docet
775 2935 919 3004 Vandal.
940 2937 960 3003 l
988 2962 1018 3006 c.
1040 2941 1084 3006 20
1104 2954 1136 3006 et
1157 2937 1256 3011 Suid.
1275 2967 1307 3010 r.

249 3038 367 3126 ἀγκών,
394 3039 586 3106 Hamakero
606 3039 822 3122 crediderim,
853 3063 976 3106 nomen
995 3057 1071 3106 oum
1092 3042 1197 3106 οίιααίι
1218 3040 1307 3135 (Syr.

252 3142 369 3226 οίιααίο)
392 3141 550 3224 ἅιίοιιοιιο,
576 3140 740 3226 impeditam
762 3139 851 3228 sat't,
883 3140 970 3208 unde
991 3141 1117 3206 οίιαιιίια
1139 3139 1259 3211 Chald.
1279 3157 1309 3210 et

248 3243 375 3311 οίιαοίιο
389 3239 469 3336 Syr.
497 3243 665 3322 οἱαοιιίιιιιι,
697 3241 911 3331 comparanti.
962 3241 1050 3310 Nam
1068 3241 1260 3312 Poenorum
1279 3260 1309 3312 et

247 3345 394 3414 Punicae
414 3345 549 3433 linguae
578 3344 616 3411 in
641 3345 711 3412 illia
739 3343 930 3432 regionibus
957 3341 1056 3410 etiam
1076 3343 1235 3434 Procopii
1256 3370 1307 3413 ae·

247 3462 313 3515 tate
342 3447 468 3534 aliquas
497 3445 654 3533 reliquiae
678 3446 781 3514 fuiaae
806 3469 904 3513 nemo
933 3437 1145 3514 dubitaverit.
1189 3447 1309 3516 Kaun-

246 3549 428 3638 gieaaerum
459 3563 568 3614 autem
597 3547 636 3615 in
666 3571 815 3616 convert.
845 3548 986 3638 Procop.
1016 3570 1149 3617 vernae.
1171 3563 1252 3618 tom.
1272 3549 1306 3618 ll

245 3675 281 3740 p.
302 3651 345 3716 96
371 3669 494 3717 nomen
520 3648 606 3717 illud
636 3650 678 3716 ab
699 3649 796 3716 Αιιοο
817 3649 942 3718 Marcio
964 3647 1169 3719 derivantem
1198 3675 1306 3736 nemo,

245 3751 385 3840 opinor,
414 3739 536 3819 audiet.
