2910 4830
265 331 330 401 oa
349 319 734 394 runooruuotus
754 273 1075 400 ιιιὲιιιιοιτιιιι.
1145 308 1229 402 ιιι

137 473 263 578 dudum
289 493 363 576 siue
389 475 483 584 prole
510 489 664 562 mortuis.
722 489 800 561 Jam
829 503 911 564 vero
937 496 975 566 in
994 495 1073 586 ,ejus
1097 499 1209 572 locum
1274 533 1317 556 .-
1377 451 1381 460 ,
1426 509 1427 512 ¹

137 599 408 680 Chaerestratus,
441 593 530 676 filius
557 591 750 684 adoptivus,
788 587 965 682 successit,
994 597 1087 686 isque
1106 624 1209 688 quum

79 697 351 786 .Euctemonis
380 697 479 764 hona
500 710 620 785 petat,
639 709 760 776 ¹tamen
787 711 844 783 ut,
880 722 946 785 quo
977 699 1075 770 titulo
1106 717 1208 793 petat,

137 802 250 876 statim
286 811 458 919 appareat,
494 796 755 866 Philoctemonis
789 821 824 866 se
855 797 1072 868 hereditatem
1098 820 1208 893 petere

138 904 238 999 dicit,
277 903 396 992 quippe
424 921 507 986 quae
527 896 789 966 Philoctemonis
818 900 931 966 futura
958 902 1061 970 fuerit
1091 920 1124 973 at
1149 931 1210 996 per

137 1009 248 1089 hune,
275 1017 409 1094 patrem
424 998 634 1089 adoptivum,
666 999 708 1066 ad
729 1023 765 1066 aa
785 1000 960 1089 pertineat.
1005 1001 1073 1073 Sed
1094 1024 1208 1080 contra

138 1106 277 1176 tendunt
303 1100 486 1172 adversarii
507 1098 719 1168 Euctemonis
747 1101 833 1167 hano
858 1103 1076 1176 hereditatem
1097 1109 1208 1198 dioen-

140 1226 208 1293 tes,
240 1229 309 1274 non
328 1202 611 1288 Philoctemonis,
638 1200 757 1291 quippe
779 1201 834 1268 oui
854 1227 897 1270 ne
924 1205 1057 1274 licuerit
1076 1191 1209 1296 quidem

71 1377 76 1390 ,
139 1311 221 1382 vivo
249 1323 353 1399 patre
372 1306 535 1386 honorum
560 1317 773 1393 paternorum
799 1303 995 1374 heredem
983 1309 1207 1403 instituere.)

139 1412 184 1484 Ει
204 1425 292 1478 reete
319 1425 399 1471 sene
425 1403 490 1469 hoo
511 1401 732 1488 dicerent,-
703 1428 733 1470 sa
761 1403 821 1472 alii
847 1420 925 1472 tune
945 1426 1076 1498 praeter
1099 1413 1209 1503 ipsum
1258 1414 1263 1424 ’

139 1513 426 1613 Philoctemonem
460 1503 524 1571 filii
558 1504 698 1572 fuissent
724 1504 938 1577 Euctemonis
970 1509 1134 1599 legitimi,
1173 1515 1208 1582 id

140 1606 262 1696 quod
250 1631 315 1699 apsa
304 1607 547 1690 oontendnnt,
576 1604 825 1675 Chaerestratus
846 1633 923 1680 oum
937 1626 1075 1712 patrono
1096 1631 1208 1703 negat.

140 1707 204 1780 Sin
231 1733 317 1777 nnus
342 1707 407 1775 fuit
435 1707 668 1793 Philoctemo,
702 1709 847 1776 dubitari
873 1736 940 1779 non
966 1730 1093 1804 potest,
1129 1702 1236 1805 quiu'

140 1837 199 1902 qua
188 1812 262 1879 ab
292 1811 357 1879 hoo
379 1811 549 1899 adoptatus
571 1810 615 1878 sit
636 1833 674 1878 ea
695 1810 808 1880 omnia
829 1835 890 1880 suo
910 1813 984 1905 jure
1002 1832 1114 1907 petere
1134 1843 1211 1910 pos·

140 1914 205 1999 sit,
234 1937 317 2002 quae
336 1914 379 1980 ah
400 1911 601 1980 Euctemone
622 1913 664 1980 ad
685 1912 1049 2003 Philoctemonem,
1020 1919 1211 2007 auritteret,
1294 1981 1300 1993 ,

43 2084 46 2091 f
140 2032 339 2109 perventura
369 2015 520 2084 fuissent.
573 2017 683 2103 Atque
705 2015 870 2106 duplicem
900 2017 997 2087 illam
1017 2022 1211 2098 hereditatis
1338 2107 1340 2110 ¹

141 2143 162 2187 a
189 2118 439 2186 Philoctemone
470 2132 503 2184 et
529 2119 571 2184 ah
598 2115 798 2200 Euctemone
825 2119 1089 2217 designationem
1124 2142 1212 2194 reete

142 2221 243 2290 etiam
264 2219 422 2302 aGausio
444 2219 644 2309 explicatam
663 2219 780 2313 video,
802 2220 843 2314 de
862 2221 929 2310 jur.
952 2224 1025 2294 har.
1047 2225 1065 2290 Ι
1086 2251 1119 2315 p.
1135 2229 1211 2313 368,

114 2341 116 2347 ’
142 2349 249 2411 neque
269 2321 425 2410 intelligo
446 2321 524 2408 quid
546 2320 739 2389 Platnerum
760 2321 949 2410 induxerit,
975 2323 995 2394 I
1015 2350 1049 2416 p
1039 2329 1148 2409 330,
1175 2333 1213 2397 ut

140 2422 404 2496 Philostemonis
425 2421 641 2490 hereditatem
662 2422 703 2490 ab
716 2422 928 2494 Euctemonis
949 2424 1153 2515 sejungeret,
1180 2446 1214 2496 et

142 2528 184 2628 de
203 2527 283 2611 illa,
320 2549 388 2591 non
416 2525 456 2590 de
483 2525 547 2590 hac
574 2523 694 2592 certari
715 2525 849 2592 diceret.
905 2525 1019 2610 Quidt
1042 2530 1157 2615 qnod,
1155 2555 1213 2606 eo,-
1293 2559 1297 2566 ¹

142 2620 237 2714 rum,
277 2651 360 2715 qnae
391 2625 643 2694 Philoctemo
630 2650 701 2716 apsa
727 2627 921 2714 reliquerit,
961 2629 1054 2697 nulla
1085 2633 1124 2698 fit
1152 2657 1214 2724 per

142 2747 247 2800 totam
260 2729 442 2797 orationem
456 2726 604 2814 mentio,
632 2728 700 2796 nisa
690 2728 773 2796 his
789 2730 915 2796 duobus
935 2729 1039 2800 locis:
1067 2731 1214 2823 primum
1261 2763 1262 2770 ¹

144 2834 193 2923 ἦ..
205 2834 260 2918 36,
280 2831 340 2899 ubi
360 2830 567 2914 Androcles,
597 2830 676 2899 vivo
699 2831 803 2900 etiam
824 2839 896 2899 tum
904 2829 1161 2916 Euctemone,
1157 2837 1212 2904 ah

143 2937 303 3006 archonte
323 2925 514 3024 postulasse
525 2929 666 3010 dicitur,
697 2946 734 2998 ut
753 2932 853 3002 Alces
874 2934 1039 3021 filiorum,
1070 2957 1212 3024 quorum

144 3039 287 3124 alterurn
307 3059 326 3102 a
347 3035 598 3122 Philoctemone
619 3033 808 3123 adoptatum
828 3034 1043 3104 simulaverat
1064 3039 1114 3127 (ᾗ.
1135 3039 1211 3129 44),

143 3131 343 3232 patrimonia
364 3139 589 3228 eloearentur3
620 3159 817 3224 quamquam
837 3138 901 3204 hoo
922 3140 1017 3224 quale
1036 3140 1150 3228 fuerit,
1174 3143 1212 3210 in
1295 3205 1299 3218 ,
1388 3155 1390 3165 '

144 3239 383 3310 commentario
405 3240 446 3306 ad
474 3241 510 3328 ἦ.
531 3241 575 3306 36
595 3253 795 3330 exponetur3
830 3239 948 3339 deiude
971 3239 1006 3328 5.
1028 3240 1093 3310 tt:
1130 3242 1213 3310 οἷὀν-

137 3339 199 3412 4τοι
219 3338 513 3429 διϊν,,ἇφελόμενοι
543 3339 606 3420 τὰς,
621 3337 821 3426 Εὐκτήμονος
849 3341 1029 3426 θυγατέρας
1053 3341 1112 3420 τὰς
1140 3369 1212 3430 paq.

145 3446 218 3522 σίας
238 3446 291 3511 stul
318 3443 392 3521 toric
412 3444 445 3510 lat
465 3440 584 3512 τούτων
610 3443 786 3532 γεγονότας,
816 3439 871 3509 τόν
892 3467 925 3508 τε
944 3439 1145 3528 Εὐκτήμονος
1165 3443 1208 3516 οἳ·
1318 3447 1322 3452 ’

145 3574 202 3618 κον
222 3548 275 3614 καὶ
294 3544 350 3614 τὸν
369 3541 605 3631 ’Φιλοκτήμονος
629 3547 717 3631 ἔχειν.
747 3544 901 3626 ‘Scilicet
922 3544 951 3613 si
971 3546 1115 3636 pupillos
1135 3573 1212 3619 snos
1289 3595 1294 3604 ι

146 3649 330 3721 aduersarii
359 3649 526 3735 legitimos
545 3648 757 3718 Euctemouis
785 3646 872 3716 filios
899 3649 1110 3739 probassent,
1143 3652 1235 3742 fra·-

145 3752 220 3823 tris.
229 3775 297 3821 non
325 3750 459 3835 minus,
492 3749 610 3841 qnippe
630 3749 791 3835 intestati,
824 3763 861 3816 nt
885 3747 941 3816 illi
962 3751 1212 3839 contendebant,

147 3878 247 3946 quam
273 3852 378 3944 patris
407 3851 574 3952 hereditas
600 3853 642 3920 ad
672 3854 733 3920 hos
759 3850 982 3943 pertinuisset.
1032 3849 1100 3921 Sed
1130 3855 1213 3922 alibi

183 4027 214 4098 ⁸)
231 4027 316 4103 Quod
340 4022 513 4082 Bunaenius
535 4040 566 4095 p.
592 3983 626 4080 at
649 4038 696 4094 sq.
722 4025 840 4094 patrem
861 4020 921 4080 fflii
944 4022 1088 4081 heredem
1117 4021 1214 4083 fauisse

151 4117 155 4134 ¹
169 4148 188 4182 a,
211 4111 340 4176 statuit,
362 4110 490 4182 ideoque
499 4108 687 4194 Euctemonis
701 4110 781 4166 bona
798 4108 858 4165 dici
872 4125 949 4181 quae
962 4107 1228 4180 aPhiloetemoua·

216 4194 322 4253 relicta
346 4202 470 4268 essent,
499 4203 581 4253 recte
606 4193 753 4253 refutarit
775 4191 906 4256 amnas
931 4194 970 4251 de
993 4192 1051 4265 jur.
1079 4193 1215 4252 harad!
1254 4269 1259 4284 ,

218 4281 329 4354 ιοιιιι.
855 4327 862 4336 .

910 4403 912 4407 .
971 4345 1015 4413 21
