2942 4842
419 258 482 326 nn
503 258 731 330 ennecus
753 259 1068 334 nnnnnnnnn.
1178 237 1279 366 ,aee
1337 219 1344 224 ’

214 427 401 519 conjectura
423 429 496 514 capi
517 444 622 516 potest
636 451 682 496 ex
703 431 899 517 comparatis
921 429 1063 499 interae
1085 433 1149 522 ss.
1164 435 1197 504 6.
1221 407 1273 503 15.

183 574 185 592 .
213 531 266 598 19.
289 531 448 597 hactenus
474 532 609 614 saltem,
637 547 760 598 utnon
781 547 856 600 ante
876 533 933 600 01.
957 533 1036 617 165,
1058 535 1113 602 331
1135 550 1191 601 ant
1210 536 1273 602 hoc

210 632 284 722 ipse
310 646 457 722 tempore
488 647 544 698 snt
569 634 685 723 paullo·
712 647 785 723 post
815 634 962 700 habitam
989 659 1059 702 ease
1085 636 1272 724 probemus.
1399 692 1402 698 ,

211 732 307 819 Quae
327 732 417 801 enim
439 733 476 822 ᾖ.
498 736 521 801 6
540 749 815 802 commemoratur
835 735 1009 824 Iphicratis
1028 736 1065 802 in
1091 735 1272 804 Thraciam
1339 746 1347 768 ⁸

210 833 397 926 expeditio,
430 834 523 925 cnjus
550 835 685 912 comites
712 838 847 912 suerunt
878 853 969 903 actor
993 837 1126 927 ejusque
1157 839 1270 922 frater,

146 927 152 940 ⁴
209 936 292 1003 haec
306 936 419 1003 eadem
436 961 506 1004 esse
525 937 658 1004 videtur
672 937 712 1003 de
726 962 789 1024 qua
801 937 989 1028 Xenophon
1004 943 1119 1004 narrat
1133 937 1267 1008 Hellen.

207 1037 271 1105 lv.
290 1040 329 1121 8,
356 1037 415 1123 31,
443 1038 582 1111 missum
607 1061 676 1105 esse
702 1038 902 1128 Iphicratem
927 1064 1002 1106 cum
1020 1040 1162 1108 navibus
1194 1056 1266 1108 octo

208 1154 241 1206 et
260 1141 473 1226 peltastarnm
499 1165 601 1207 manu
620 1140 661 1205 ad
680 1140 838 1206 tuendum
856 1140 1107 1230 Hellespontum
1130 1157 1161 1208 et
1182 1141 1268 1208 eirca

138 1250 142 1258 '
207 1240 287 1313 sitas
301 1242 466 1327 regiones.
500 1241 592 1309 llaec
607 1256 717 1308 antem
732 1241 897 1330 expeditio
911 1257 1057 1331 suscepta
1073 1257 1121 1310 eat
1137 1243 1195 1309 01.
1213 1247 1267 1329 97,

104 1367 109 1392 ·
207 1342 230 1410 4
249 1367 279 1410 3.
303 1342 383 1410 chr.
402 1344 467 1410 389
488 1343 572 1430 (vid.
594 1339 740 1416 Glinton.
760 1343 849 1411 Fast.
869 1341 961 1410 Hell.
983 1368 1016 1432 p.
1041 1344 1103 1409 166
1123 1343 1267 1429 Kriig.),

207 1443 312 1510 enisi
331 1443 482 1511 interfuit
502 1456 611 1528 actor,
640 1469 791 1512 reversus
811 1445 848 1510 in
868 1445 1009 1533 patriam
1030 1444 1196 1512 ridebitur
1210 1461 1265 1510 ant

205 1545 361 1636 proximo
388 1545 578 1624 3333388,
607 1561 664 1612 aut
689 1563 776 1612 certe
803 1562 876 1635 post
900 1570 1014 1636 pacem
1034 1545 1267 1612 Antalcideam

206 1648 287 1714 387.
326 1645 402 1715 Iam
422 1646 602 1714 divortium
629 1671 704 1713 cnm
722 1671 828 1714 uxore
848 1647 1013 1714 Menecles
1038 1646 1153 1712 fecisse
1172 1646 1266 1713 vide·

205 1762 260 1813 tm·
278 1763 334 1814 aut
359 1748 474 1814 eodem
495 1771 601 1835 anno,
635 1764 691 1814 eut
709 1749 864 1838 proximo
887 1749 960 1816 386.
1002 1747 1266 1843 1133133333-

134 1887 135 1892 3
204 1867 272 1918 tem
290 1864 340 1916 est
360 1864 451 1916 actor
466 1874 534 1917 non
554 1865 629 1917 ante
642 1874 740 1937 quam
760 1874 854 1917 soror
873 1849 942 1939 ejus
963 1849 1086 1915 iterum
1104 1847 1267 1937 nupsisset
1297 1931 1309 1960 ι

191 1951 393 2039 ,liberosque
413 1951 494 2018 duos
514 1951 691 2041 peperisset
712 1935 795 2038 (vid.
819 1951 943 2044 §.190
962 1952 997 2018 h.
1020 1974 1050 2017 e.
1062 1949 1175 2028 'tribua
1196 1951 1263 2016 sel·

205 2069 273 2120 tem
292 2067 348 2119 ent
367 2069 519 2140 quattuor
536 2068 610 2143 post
629 2053 809 2121 divortium
830 2053 945 2136 annis,
973 2051 1051 2118 circ.
1067 2053 1142 2118 383.
1184 2050 1266 2118 Post
1388 2125 1393 2148 Ι

206 2155 414 2246 adoptionem
435 2153 701 2239 annovigesimo
725 2155 823 2224 tertio
843 2155 1006 2220 Menecles
1026 2152 1148 2219 obiisse
1180 2151 1263 2216 dici·

204 2272 259 2323 tur
277 2257 315 2344 ᾗ.
337 2255 391 2336 15,
411 2257 446 2324 h.
469 2281 499 2324 e.
521 2255 652 2322 circiter
671 2280 702 2321 3.
717 2257 806 2338 ·360;
829 2269 861 2320 et
880 2255 973 2322 brevi
992 2268 1065 2345 post
1084 2253 1154 2343 ejus
1172 2277 1262 2319 mor·

203 2374 270 2425 tem
289 2373 436 2446 tempore
455 2360 541 2425 hanc
563 2359 602 2424 13
622 2355 804 2438 hereditate
826 2379 958 2422 cansam
976 2355 1013 2420 in
1033 2353 1263 2440 1311313313-

180 2537 184 2542 ,
204 2461 335 2525 ductam
360 2482 429 2525 esse
449 2474 593 2549 apparet.
636 2458 695 2525 Est
714 2473 824 2523 autem
843 2480 947 2523 annus
965 2457 1030 2521 360
1051 2454 1262 2546 Olympiadis

202 2561 397 2628 centesimae
412 2561 542 2648 quintae
556 2560 696 2651 primus.
710 2597 753 2608 -
766 2556 918 2625 Ceterum
928 2556 1102 2640 Krnegero
1116 2556 1156 2621 ad
1168 2553 1262 2621 clin-

202 2679 271 2731 ton.
292 2662 331 2739 lt.
355 2662 400 2731 H.
420 2687 454 2752 p.
477 2661 539 2729 147
557 2661 677 2752 scripta
699 2660 831 2753 videtur
853 2659 958 2734 oratio
983 2658 1121 2748 Olymp.
1144 2656 1217 2722 107.

506 2903 508 2908 ·
552 2871 907 2973 In'Hypothesin.
1025 2887 1027 2895 ‘

137 3073 144 3086 ·
284 3049 382 3118 Vers.
396 3054 431 3116 2.
452 3047 592 3136 ddil'peiv
617 3045 929 3136 ἀμφισβητησάντων.
954 3045 1107 3137 ¹Rectius
1122 3043 1259 3115 dixisset

201 3150 335 3238 ddelpoti
363 3149 670 3237 ἀμφισβητήσαντος.
706 3151 791 3220 Nam
817 3173 920 3225 unum
938 3139 1094 3214 Meneclis
1121 3148 1257 3214 fratrem
1312 3173 1316 3178 ·

200 3253 301 3352 luisse
321 3258 453 3344 apparet
480 3253 552 3340 e§.
575 3253 629 3321 21.
679 3249 744 3319 Sed
765 3251 899 3319 induxit
923 3250 1060 3316 fortasse
1087 3271 1256 3336 gramma·

199 3354 301 3422 ticum
318 3369 485 3437 nostrum,
508 3356 594 3440 quod
613 3353 736 3442 passim
755 3351 961 3420 adversarios
979 3349 1102 3438 plurali
1119 3371 1256 3414 numero
1375 3409 1378 3418 Α

201 3455 366 3543 designari
389 3454 531 3534 videret,
552 3470 590 3520 nt
609 3455 672 3551 §{.
694 3456 745 3524 15.
768 3456 819 3520 17.
842 3453 896 3525 31.
917 3454 971 3517 33.
992 3451 1045 3517 38.
1089 3449 1256 3546 Nimirum

199 3556 288 3622 lilius
315 3579 441 3643 quoque
462 3556 662 3634 adversarii,
690 3555 851 3649 particeps
871 3552 1110 3641 quodammodo
1138 3573 1253 3618 causae
1323 3639 1325 3650 .

189 3671 374 3744 paternae,
399 3657 436 3722 in
456 3656 579 3747 judicio
598 3657 721 3730 aderat.

251 3789 253 3794 '
281 3755 474 3842 tpaprtpeet
492 3781 538 3832 τις
561 3759 743 3847 Φιλωνίδης.
775 3757 937 3828 Ἠοοιιοη
953 3754 1064 3844 potuit
1084 3749 1252 3822 nisieon·
1308 3781 1310 3788 ·

197 3857 322 3946 jactura
336 3859 450 3925 ductus
470 3883 625 3937 narrare,
653 3860 750 3934 valde
768 3858 829 3926 illa
848 3857 979 3945 quidem
992 3855 1129 3924 ineerta.
1172 3850 1255 3918 Phi·

196 3958 343 4030 lonidem
364 3960 483 4028 actoris
502 3985 650 4028 socerum
675 3961 775 4027 luisse
802 3961 945 4044 legimus
971 3949 1254 4052 §.183¹eundem
1383 3963 1387 3968 “

197 4060 298 4126 etiam
321 4059 502 4149 injudicio
527 4061 668 4130 adfuisse
693 4061 833 4130 ostendit
853 4060 890 4147 ᾗ.
911 4061 954 4125 36
961 4083 971 4140 ;
1001 4057 1254 4138 3311333333)-

198 4160 267 4244 ρίαν
282 4184 343 4250 pro
356 4185 477 4248 genero.
490 4164 531 4233 ab
541 4164 607 4232 hoc
626 4161 851 4252 interpositam
864 4160 952 4232 nihil
964 4173 1013 4228 est
1026 4157 1110 4249 quod
1125 4168 1251 4240 arguat.
1321 4152 1323 4163 '

1455 3967 1457 4028 l

1453 4035 1456 4155 t
