2942 4842
261 315 327 382 τοι
433 261 441 304 ³
612 310 662 381 ru
683 288 983 412 outrrouuu'
1082 339 1084 348 J

261 485 347 573 qnod
384 498 497 550 nostro
525 484 599 550 loco
630 483 840 551 adversarius
870 501 1078 552 contemnere
1109 487 1181 574 (οὐκ
1217 491 1321 573 αἰσχύ-

259 587 386 672 υεσθαι)
417 586 493 652 deos
522 582 687 672 πατρῴους
712 585 851 672 dicitur,
882 587 918 652 id
941 588 1104 674 quomodo
1135 589 1321 677 intelligen-

214 719 219 728 ·
261 688 340 753 dum
361 687 405 753 sit
426 687 462 774 ἦ.
485 684 528 753 46
550 686 662 754 docet:
705 685 824 752 ἄπαιδα
846 689 880 752 δὲ
900 687 955 753 τὸυ
975 687 1196 774 τελευτήσαντα
1215 691 1320 773 βούλει

258 811 311 854 ται
332 791 525 872 καταστῆσαι
531 835 542 868 ,
571 784 781 871 lecturienti
813 787 879 874 ἱεροὶ
901 789 940 854 τοὶ
962 797 1092 878 πατρῷοι
1113 791 1189 877 ὑπὲρ
1211 793 1320 860 ἐκείνου
1444 865 1445 874 ¹

257 892 364 974 μηδεὶς
383 895 458 980 τιμᾷ
477 896 543 954 κτλ.
594 889 681 957 Nam
703 914 804 976 quum
831 891 1039 980 adoptionem
1061 918 1080 960 a
1102 894 1250 962 Menecle
1271 897 1320 962 la·

258 1007 344 1058 ctam
364 992 574 1081 impugnaret
588 990 726 1090 ideoque
748 991 818 1081 ejus
840 990 915 1080 οἴκῳ
934 993 1106 1062 interitum
1125 999 1245 1064 afferre
1267 1022 1322 1064 oo·

258 1110 409 1180 caretur,
442 1094 590 1159 laesurus
612 1108 682 1158 erat
703 1093 781 1159 deos
802 1091 986 1180 πατρῴους,
1010 1121 1155 1183 quorum
1177 1099 1320 1164 honores

141 1211 147 1227 ·
258 1195 309 1280 (hi
332 1195 423 1260 enim
443 1210 521 1262 sunt
540 1193 580 1258 τὰ
600 1199 730 1282 πατρῷα
758 1191 838 1281 ἱερά)
861 1195 1079 1264 etiamsinon
1099 1201 1198 1287 plane
1218 1214 1322 1266 enter·

1444 1053 1445 1078 l

1221 1200 1230 1216 ⁰
1328 1209 1332 1227 ι

1306 1335 1321 1352 ι

1175 1401 1183 1418 .
1306 1435 1322 1454 τι

1162 1502 1170 1518 e

1221 2313 1292 2330 oc

1311 2357 1384 2382 θ.

1122 2402 1262 2436 ἶ.

1305 2960 1322 2977 ι

1274 3023 1284 3040 ο

1306 3573 1317 3593 ο

1082 3615 1096 3647 3

1269 3830 1324 3882 .-

183 1311 186 1318 ’
255 1295 335 1363 ituri
357 1310 470 1380 erunt,
498 1320 599 1383 quum
626 1296 835 1363 adversarius
864 1295 952 1385 ipse,
981 1298 1100 1388 quippe
1120 1302 1224 1367 frater
1252 1300 1304 1366 Me

255 1395 378 1481 neclis,
406 1397 538 1464 eosdem
558 1396 742 1464 necessario
764 1395 927 1485 πατρῴους
952 1400 1106 1485 haberet,
1137 1403 1250 1489 aliqua
1272 1417 1304 1468 ta

254 1523 332 1576 meu
354 1513 506 1588 exparte
526 1497 681 1565 imminui
704 1501 893 1588 oportebat,
922 1499 1007 1565 siin
1029 1500 1188 1569 Menecles
1210 1504 1322 1570 locum

254 1623 353 1668 nemo
379 1600 567 1667 succederet
595 1599 729 1691 ejusque
760 1600 797 1666 in
822 1601 969 1668 colendis
1000 1601 1136 1668 deornm
1164 1601 1321 1692 πατρῴων

253 1701 473 1790 religionibus
493 1717 601 1793 partes
623 1701 812 1794 susciperet.

210 1845 213 1855 ι
337 1808 468 1886 βοηθεῖν
488 1807 540 1920 uqi⁰
553 1827 588 1867 τε
607 1803 765 1888 πατρὶ-
786 1828 837 1867 και
827 1803 992 1891 ιέμαυτῶ.
1036 1804 1223 1894 Amplexus
1245 1777 1321 1873 erim

252 1904 381 1971 Bremii
402 1902 651 1986 correctionem,
677 1901 887 1971 lenissimam
909 1909 1114 1994 praesertim,
1137 1921 1169 1974 et
1189 1931 1209 1976 a
1228 1907 1323 1974 Bek-

252 1993 336 2072 kero
367 2029 494 2092 quoquc
521 1995 696 2094 receptam.
749 2003 815 2072 Sed
844 2005 993 2095 pluribus
1015 2009 1077 2074 hac
1099 2006 1199 2074 dere
1222 2032 1322 2098 agam

186 2153 190 2161 ·
252 2107 295 2174 ad
318 2131 369 2173 or
392 2105 432 2171 de
453 2106 597 2173 Philoct.
618 2108 691 2232 her.
715 2107 752 2194 ἦ.
775 2110 807 2172 2.

336 2209 373 2296 §.
395 2210 429 2275 2.
452 2204 600 2277 Aetnaeo
629 2201 696 2274 ουν.
740 2207 901 2275 Praesens
927 2222 1055 2297 tempus
1077 2208 1117 2275 de
1138 2231 1203 2295 eo,
1233 2211 1322 2298 qnod

251 2310 324 2398 quia
352 2309 489 2400 jamjam
514 2309 850 2398 facereingreditur,
881 2308 969 2375 nihil
990 2311 1089 2376 habet
1110 2313 1310 2380 offeusronrs

252 2411 305 2480 (ll.
328 2436 379 2479 ur.
403 2411 442 2477 de
463 2410 608 2502 Astyph.
632 2412 744 2478 hereti.
768 2411 806 2499 ἦ.
823 2409 883 2478 253
911 2407 1097 2493 adreddere
1112 2438 1137 2499 ῳ
1155 2421 1324 2499 προσηλθε

249 2514 425 2602 μαρτυρίαν
445 2511 629 2599 παρέχομαι.
670 2512 788 2602 Eurip
804 2510 1197 2586 Med.v.908E1me1.=
1232 2512 1323 2600 ἡμεῖς

250 2617 307 2700 μέν
327 2617 360 2681 ἔκ
391 2621 445 2700 γῆς
473 2613 566 2698 τῆσδ’
590 2614 760 2701 οἷπαίρομευ
782 2618 885 2699 φυγῇ,
913 2613 955 2678 ad
965 2636 1086 2712 quem
1094 2616 1208 2682 locum
1232 2617 1322 2706 quod

250 2720 292 2784 ab
311 2715 471 2808 Elmslejo
493 2718 630 2782 affertur
649 2741 684 2784 v.
697 2716 781 2783 888.
809 2706 966 2779 eattao’
990 2712 1176 2799 ἐξεργάζεται
1199 2721 1321 2806 πατὴρ,

249 2844 317 2887 uon
338 2820 436 2908 plane
463 2817 609 2909 ejusdcm
630 2813 760 2902 generis
786 2830 846 2883 est.
888 2813 1065 2903 Eloquitur
1084 2815 1175 2884 enim
1196 2819 1322 2888 Medea

122 2999 128 3010 x
248 2943 319 2988 non
339 2919 464 3007 quod'
452 2942 523 3008 epse
550 2918 618 3008 jam
644 2919 771 2984 lactura
792 2933 860 3000 oet,
891 2918 947 2984 aed
970 2918 1055 3004 quod
1077 2916 1237 2987 Iunonem
1266 2924 1303 2990 fa

249 3036 380 3089 cturum
412 3045 482 3087 esse
512 3034 579 3086 tam
611 3036 699 3085 certo
719 3018 908 3108 praevidet,
940 3033 977 3084 ut
998 3017 1091 3105 quasi
1115 3018 1184 3108 jam
1213 3023 1322 3090 sacrat

249 3125 412 3192 affirmare
438 3123 552 3212 possit.
595 3120 704 3207 Atque
732 3118 831 3211 hujus
852 3118 984 3206 quidem
1005 3119 1136 3207 generis
1157 3125 1322 3212 exempla

247 3226 411 3316 permulta
439 3237 515 3288 sunt
542 3221 695 3287 emulus
717 3235 880 3308 congesta.
902 3259 945 3271 -
967 3218 1064 3306 Quod
1087 3236 1198 3288 autem
1220 3223 1322 3291 Bek-

247 3327 349 3394 kerus
370 3323 508 3410 requirit
526 3321 582 3404 μέν
603 3337 678 3388 ante
699 3313 774 3400 ουν,
797 3322 860 3388 lroc
880 3335 916 3386 ut
938 3323 1169 3410 amplecterer,
1202 3324 1237 3392 si
1259 3349 1320 3392 co-

248 3428 336 3494 dices
351 3427 537 3508 afferrent,
568 3423 614 3489 ita
635 3448 736 3510 quum
765 3422 850 3490 absit
870 3446 939 3489 non
960 3444 1157 3511 magnopere
1180 3424 1322 3494 deside·

247 3552 303 3613 ro,
333 3540 365 3593 et
378 3525 476 3593 video
494 3523 733 3593 Schneidernm
750 3548 876 3611 quoque
888 3521 1101 3612 Xenophont.
1121 3524 1160 3590 de
1172 3528 1303 3613 republ

245 3629 329 3697 Ath.
351 3628 387 3711 l,
410 3625 452 3693 14
477 3626 651 3693 lectionem
678 3626 772 3692 codd.
794 3624 919 3692 Pariss.
950 3625 1029 3710 φημὶ
1059 3649 1114 3688 ooo
1141 3623 1238 3710 ἔγωγε
1262 3625 1321 3694 τὸν

247 3732 346 3813 δῆμον
376 3727 430 3793 τὸν
455 3725 563 3811 Ἀθηυ.
594 3724 766 3812 γιγνώσκειν
796 3727 970 3817 probasse,
999 3723 1058 3792 ubi
1089 3726 1191 3812 vulgo
1231 3729 1322 3811 φημὶ

244 3831 301 3914 μὲν
322 3820 378 3894 οὖν
398 3827 552 3917 scriptum
568 3828 642 3896 fuit.
685 3827 796 3895 Etiam
817 3827 899 3902 alias
921 3825 1043 3946 passim
1064 3827 1169 3891 multo
1191 3825 1302 3895 durro

245 3954 298 3998 res
330 3953 399 3998 cese
427 3929 607 4019 particulae
632 3929 688 4011 plu
718 3945 793 3997 unte
821 3928 855 3993 δὲ
885 3927 1098 4006 omissiones,
1128 3926 1322 4016 ineptirem

244 4056 323 4102 sune
344 4057 372 4097 er
362 4030 589 4098 Bekkerum
610 4031 728 4097 docere
748 4033 882 4099 vellem.

328 4133 367 4222 ᾖ.
389 4123 422 4199 3.
445 4133 512 4198 tuot
510 4134 602 4216 δομευ
622 4127 718 4216 ἡμεῖς.
761 4131 891 4222 Quippe
912 4154 1010 4217 κυριοι
1031 4147 1195 4210 sororum
1229 4099 1323 4196 Vid.

244 4235 285 4304 de
306 4235 379 4303 ord.
396 4233 472 4324 jud.
461 4258 528 4325 .p.
550 4233 783 4302 deonotus.
854 4245 874 4320 ζ
