2846 4832
213 271 278 338 ars
316 212 321 220 ¹
570 264 618 344 ut
648 259 928 338 ouanonsu

216 462 286 508 esse
303 436 463 506 ostendat.
506 434 616 522 Atque
628 432 732 502 filiam
744 432 1022 522 quidem‘Girouis
1038 451 1178 504 matrem
1190 460 1284 506 suam

215 541 317 608 luisse
346 562 412 608 non
443 537 552 605 solum
580 536 762 604 amicornm
783 560 822 603 ac
841 535 1062 605 familiarium
1083 539 1139 606 ari
1160 539 1213 606 sui
1233 555 1285 606 te-

216 638 382 710 stimoniis
410 653 579 722 constare,
613 638 670 704 sed
692 639 747 705 vel
777 638 855 704 inde
884 639 965 706 satis
987 663 1162 729 apparare,
1199 639 1286 729 quod
1379 689 1382 694 -

217 767 319 832 quum
339 741 411 830 ipsc
431 764 545 808 servos
567 737 721 823 Gironis,
752 739 809 826 qui
831 763 905 808 earu
925 739 961 808 in
983 741 1082 832 hujus
1105 742 1203 809 domo
1224 765 1286 808 ua-

218 861 287 913 tem
307 843 539 929 educatumque
568 855 600 907 et
620 841 672 909 bis
694 841 735 906 ab
757 843 821 908 hoo
842 843 1038 910 collocatam
1060 858 1212 927 nossent,
1245 843 1285 909 sd

219 945 444 1034 quaestionem
462 943 645 1010 habendam
671 942 877 1031 deposceret,
908 915 993 1011 banc
1018 945 1288 1038 provocationem

220 1045 404 1116 adversarii
425 1044 684 1113 recusariutv—
713 1043 888 1112 Praeterea
919 1069 954 1114 se
975 1069 1102 1158 quoque
1123 1071 1143 1113 a
1165 1045 1287 1114 Giroue

219 1150 267 1216 ita
293 1171 421 1238 semper
454 1144 604 1213 habitum
639 1159 671 1212 et
697 1159 871 1212 tractatum
902 1169 973 1214 esse
978 1147 1219 1233 demonstrat,
1252 1165 1289 1214 ut

171 1257 174 1268 ‘
220 1265 372 1342 nepotem
400 1249 442 1316 ab
470 1271 552 1318 avos
587 1262 777 1336 patremque
798 1269 913 1332 suum,
942 1271 1044 1335 quum
1064 1253 1205 1316 matrem
1228 1236 1309 1342 das-'2

222 1368 329 1442 caret,
362 1369 402 1418 sa
423 1348 535 1418 omnia
566 1347 701 1435 fecisse,
733 1371 816 1436 quas
837 1349 874 1444 in
895 1347 1049 1418 civilibus
1071 1351 1195 1444 nuptiis
1216 1348 1290 1418 lieri

222 1452 434 1535 conveniret3
468 1469 500 1518 ct
527 1451 674 1517 demutas
702 1473 830 1538 quoquc
861 1466 1002 1518 matrem
1028 1474 1122 1520 suam
1152 1451 1290 1540 elegisse

223 1557 263 1624 ad
291 1551 558 1643 Thesmophoria
587 1551 815 1640 procuranda,
851 1552 938 1620 uude
966 1554 1180 1620 manifestum
1208 1578 1290 1642 esse,

132 1647 135 1656 ’
223 1681 296 1723 sam
310 1657 350 1721 ab
367 1655 421 1721 his
437 1676 565 1742 quoqne
584 1652 692 1722 civem
706 1676 775 1720 esse
793 1650 984 1743 judicatam.
1003 1713 1007 1718 .
1022 1652 1177 1742 Denique
1191 1655 1291 1723 etiam

137 1789 141 1801 =
222 1747 394 1843 Dioclem,
427 1755 484 1843 qui
503 1755 607 1821 frater
627 1767 698 1822 crat
724 1754 860 1841 alterius
882 1753 1014 1826 Cironis
1035 1757 1173 1838 uxoris,
1204 1781 1292 1822 nuuc

222 1859 361 1944 viduae,
388 1857 435 1923 ita
458 1857 613 1925 adversus
635 1879 670 1922 se
691 1856 816 1944 egisse,
838 1872 875 1924 ut
895 1855 1106 1924 manifestum
1129 1875 1230 1944 esset,
1250 1882 1292 1928 ¹sa

224 1963 266 2030 ab
288 1961 352 2026 boc
373 1981 500 2046 quoque
520 1981 581 2048 pro
598 1955 732 2024 Girouis
752 1973 870 2048 nepote
892 1959 1039 2044 agnosci.
1082 1958 1169 2042 Nam
1190 1983 1291 2048 quum

223 2061 368 2132 venisset
385 2059 426 2128 ad
434 2058 591 2128 (lironem
606 2057 831 2150 sepeliendum
844 2053 982 2147 eumque
993 2060 1031 2127 in
1044 2051 1180 2128 domum
1197 2066 1305 2149 'suam'

218 2164 407 2230 *transferre
432 2162 608 2246 voluisset,
636 2174 674 2226 ιιι
703 2160 780 2228 iude
800 2163 1115 2256 fcinus'efferretur,
1144 2163 1296 2230 tandem·

226 2289 288 2354 que
309 2264 429 2332 viduae
450 2263 602 2354 precibus
623 2263 834 2331 concessisset
861 2277 897 2330 ιιι
919 2287 962 2331 ex
982 2249 1042 2332 ills
1064 2263 1123 2346 ubi
1143 2281 1293 2334 mortuus

226 2381 306 2435 erat
317 2367 415 2432 domo
443 2365 631 2434 efferretur:
663 2387 769 2451 usqua
789 2363 944 2433 Dioclem
975 2365 1040 2432 sibi
1061 2381 1166 2454 neque
1187 2367 1295 2473 ipsum

227 2466 455 2538 adversarium
477 2466 692 2585 obloquatum
711 2488 804 2551 esse,
837 2490 943 2570 neque
963 2467 1123 2557 repulisse
1144 2491 1190 2535 sa
1202 2493 1222 2534 a
1241 2461 1295 2534 fu·

226 2570 317 2638 neris
343 2568 596 2660 procuratione,
637 2567 693 2636 ssd
720 2567 903 2667 postulasse
931 2559 1031 2635 etiam
1057 2566 1231 2649 Dioclem,
1258 2583 1295 2638 ut

226 2672 418 2739 redderetur
446 2671 511 2738 sibi
538 2671 579 2737 ab
601 2686 710 2737 actore
739 2669 894 2759 pecunia,
928 2692 1027 2758 quarn
1046 2669 1117 2760 ipse
1138 2669 1174 2738 iu
1196 2673 1295 2739 funus

124 2827 128 2838 .
157 2808 163 2822 x
228 2788 413 2860 erogasset,
445 2792 642 2861 quamquam
663 2770 822 2862 postridie
843 2771 989 2861 oblatam
1012 2773 1188 2862 pecuniam
1209 2769 1295 2840 acci·

207 2895 307 2966 ,perc
337 2874 502 2956 noluisse,
539 2873 596 2938 sed
626 2865 758 2942 odmem
785 2872 851 2940 sibi
879 2873 921 2942 ab
942 2873 1151 2960 adversario,
1183 2873 1294 2943 iratris
1400 2867 1401 2872 ἵ

230 2975 364 3044 (liranis
384 2975 472 3061 filio,
511 2974 673 3040 redditam
701 2973 887 3045 simulasse.
929 2974 1084 3062 Denique
1104 2976 1204 3044 etiam
1223 2976 1295 3070 ipso

228 3077 355 3144 funeris
386 3076 456 3160 die,
490 3099 592 3161 quum
623 3076 708 3165 apud
740 3075 796 3144 ari
816 3077 1005 3170 sepulcrum
1025 3075 1180 3148 Dioclem
1201 3101 1296 3144 accu-

229 3194 352 3263 sassst,
388 3177 473 3264 quod
496 3191 528 3244 et
549 3177 634 3242 bona
662 3176 755 3244 illius
776 3179 947 3246 avertisset
969 3179 1122 3246 eristum
1143 3180 1296 3248 adversa·

229 3281 319 3348 rium
341 3294 454 3346 contra
477 3300 513 3344 se
533 3279 773 3364 subornasset,
798 3281 998 3347 obmutuisse
1018 3277 1173 3348 Dioclem
1195 3295 1227 3346 et
1246 3294 1296 3346 ta·
1336 3326 1341 3337 ·

232 3383 335 3450 sendo
356 3379 548 3446 veritatem
565 3380 659 3449 illius
681 3381 898 3453 accusationis
926 3381 1035 3473 ipsum
1057 3377 1296 3558 quodammodo

232 3483 419 3552 consessum
441 3504 522 3550 esse.

253 3580 475 3669 Sequitur
500 3585 604 3658 altera
632 3583 926 3674 argumentationis
953 3609 1053 3676 pars:
1090 3585 1200 3676 potins
1229 3607 1297 3652 esso
1400 3659 1401 3662 Ἴ

232 3629 330 3754 sirum
356 3682 408 3775 jus
437 3707 535 3772 quam
563 3686 758 3756 adversarii.
814 3687 993 3778 Propior'es
1025 3687 1113 3754 anim
1144 3701 1216 3758 esse'
1237 3692 1298 3775 po·

233 3803 336 3864 steros
365 3788 463 3874 quarn
484 3803 663 3874 cognatosa
701 3812 739 3880 ac
770 3788 798 3856 si
826 3789 955 3875 uiueret
975 3789 1083 3856 sdbnc
1104 3804 1209 3856 mater
1229 3811 1298 3871 sus,

234 3881 367 3956 Giionis
388 3888 476 3976 filis,
502 3892 604 3981 'plane
625 3890 770 3958 dubitari
789 3914 858 3958 non
878 3913 992 3980 posse,
1013 3891 1094 3980 quin
1106 3891 1211 3975 buis,
1233 3913 1298 3956 non

234 3989 330 4058 lustri
350 3991 515 4058 hereditas
536 3991 726 4079 deberetur,
748 4017 792 4060 ex
812 4017 877 4081 quo
897 3993 1053 4097 consequi
1074 3991 1174 4060 etiam
1193 3993 1309 4059 filiurn

229 4089 331 4185 bajus
351 4092 512 4183 potiorem
534 4117 604 4160 esso
625 4117 724 4181 quam
750 4093 864 4162 fratris
883 4090 1005 4168 lilium·
1047 4094 1114 4162 Sed
1137 4093 1237 4162 etiam
1257 4117 1300 4164 ex

230 4198 306 4282 lege
326 4187 491 4270 κακώσεως
510 4217 538 4264 s
564 4195 604 4262 de
622 4195 709 4263 mala
727 4211 900 4288 pareutum
916 4193 1109 4266 tractatione
1129 4193 1194 4264 buc
1212 4195 1301 4266 idem
