2846 4832
543 1419 589 1475 ιιι
623 1383 921 1474 onnmourtm'
943 1401 1008 1474 tx.

253 1587 330 1658 on
377 1575 776 1655 terrentii
820 1533 1313 1653 nnnnoirsru

646 1803 908 1862 ancorarum.
1020 1771 1024 1780 ¹

251 1950 616 2056 Astyphilus·quidam
631 1960 843 2052 Euthycratis
863 1960 952 2028 filius
972 1961 1146 2052 Mytilenis
1167 1961 1317 2028 militane

253 2066 348 2136 obiit.
391 2063 445 2132 De
466 2061 647 2130 hereditate
674 2062 744 2153 ejus
764 2062 806 2138 lis
828 2077 944 2128 exorta
966 2075 1014 2128 est
1033 2062 1121 2128 inter
1143 2060 1332 2147 Cleonem,·

239 2169 388 2258 *fratrem
417 2166 618 2255 patruelem,
649 2179 681 2230 et
709 2188 784 2230 eum
810 2162 864 2228 oui
890 2163 976 2228 hano
998 2163 1182 2233 orationem
1202 2163 1316 2232 lsaees

252 2267 456 2357 conscripsit,
477 2267 613 2331 fratrem
626 2263 771 2330 defuncti
784 2263 959 2331 uterinum.
991 2263 1098 2330 Mater
1109 2265 1200 2332 enim
1210 2265 1317 2356 Asty·

251 2369 338 2462 phili
361 2383 434 2459 post
459 2365 581 2457 prioris
611 2365 723 2431 mariti
748 2380 889 2432 mortem
916 2363 1150 2454 Theophrasto
1182 2367 1317 2452 cuidam

116 2477 142 2502 '⁶
180 2551 188 2567 κ
251 2485 423 2561 nupserat,
454 2489 575 2554 exque
590 2465 802 2535 matrimonio
823 2465 878 2532 hic
899 2481 989 2532 actor
1008 2481 1121 2536 noster
1141 2481 1315 2536 natusest.

251 2571 333 2641 Cleo
353 2585 463 2638 autem
472 2567 655 2659 Astyphili¹
667 2567 754 2634 hona
767 2591 835 2632 non
853 2559 921 2632 sibi
941 2566 1054 2656 potiit,
1084 2561 1140 2633 sed
1163 2568 1316 2636 filiosuo

249 2673 397 2741 nondum
417 2669 547 2754 adulto,
575 2692 671 2755 quem
693 2668 733 2734 ab
754 2667 814 2734 illo
833 2667 1021 2756 adoptatum
1042 2692 1112 2734 esse
1132 2669 1316 2753 contendit,

206 2783 210 2788 '
251 2769 394 2862 adeoque
422 2770 589 2838 neminem
619 2768 685 2836 nisi
712 2770 799 2835 hune
829 2765 983 2836 heredem
1010 2768 1082 2836 fore
1102 2769 1139 2835 in
1161 2769 1316 2837 animum

162 2901 168 2914 ·
248 2875 443 2956 induxerat,
473 2871 640 2938 utstatim
663 2870 780 2940 mortis
794 2871 908 2938 nuntio
924 2871 1071 2938 Athenas
1084 2872 1215 2960 perlato
1236 2874 1317 2941 fun-

250 2977 329 3041 dum
339 2971 513 3064 Astyphiti
529 2993 588 3060 per
608 2971 772 3053 ἐμβατείαν
793 2971 1158 3069 οοοιιριιιοῐ,“(νίἆ.·ᾖ.3
1178 2997 1210 3040 c.
1227 2975 1315 3061 not.)

248 3075 440 3160 reliquaque
455 3071 581 3150 omnia,
612 3095 693 3159 quae
706 3073 797 3139 illius
807 3069 962 3156 suxissent,
989 3073 1057 3166 jam
1072 3073 1135 3139 tilii
1150 3074 1205 3140 sui
1226 3077 1317 3141 facta

249 3199 319 3244 esse
338 3175 449 3264 palam
469 3172 642 3240 dictitaret.
686 3175 778 3240 Idem
799 3198 878 3242 vero
899 3189 1065 3241 mortuum
1078 3175 1316 3266 Astyphilum,

248 3301 349 3365 quum
361 3273 549 3364 Mytilenis,
570 3275 629 3341 ubi
641 3277 782 3360 obierat,
809 3277 844 3342 in
858 3275 998 3364 patriam
1013 3291 1198 3364 reportatus
1216 3293 1315 3362 esset,

249 3399 352 3463 neque
372 3373 523 3464 sepelivit
542 3400 646 3464 neque
658 3377 767 3448 debita
786 3377 835 3442 dis
851 3377 1002 3442 manibus
1022 3377 1108 3465 justa
1127 3381 1316 3466 persolvit3

248 3476 310 3552 sed
332 3476 385 3542 his
406 3476 557 3546 omnibus
584 3478 713 3568 pietatis
745 3479 858 3544 officiis
889 3478 1139 3566 Theophrastus
1169 3479 1315 3548 vitricus

109 3583 121 3608 ⁰
250 3602 324 3644 omn
337 3577 451 3644 amicis
467 3578 559 3644 illius
577 3594 608 3644 et
621 3579 900 3646 commilitonibus
910 3580 1100 3670 perfunctus
1113 3592 1179 3663 est,
1209 3606 1314 3668 quum

222 3675 237 3719 ·’
249 3694 340 3744 actor
360 3695 471 3745 noster
490 3693 566 3746 tune
587 3681 742 3768 temporis
763 3697 904 3769 propter,
918 3673 1075 3746 militiam
1084 3681 1229 3749 Athenis
1252 3684 1314 3750 ah·

101 3771 109 3781 ⁶
150 3785 152 3794 '
195 3809 198 3826 ι
250 3793 344 3846 esset.
388 3777 453 3848 Sed
474 3803 627 3846 reversus
649 3779 703 3846 hie
724 3779 761 3846 in
782 3784 899 3870 urbem
920 3783 1030 3848 stetim
1050 3782 1228 3871 Astyphili
1249 3783 1313 3851 he·

249 3880 422 3948 reditatem
447 3880 528 3968 petit
556 3882 767 3974 cognationis
790 3882 883 3968 jore,
914 3889 1161 3969 παρακαταβολῇ
1194 3901 1311 3951 contra

249 3979 405 4050 Cleonem
435 4003 524 4048 usus.
575 3981 653 4049 Erat
680 3999 806 4062 autem,
839 3984 871 4050 si
894 3987 1078 4050 naturalem
1100 3991 1231 4052 tantuin
1253 4011 1310 4052 oo-

248 4083 436 4172 gnitionem
462 4099 582 4172 spectes
589 4128 600 4166 ,
629 4081 761 4151 Cleonis
790 4085 922 4172 ejusque
941 4085 1005 4151 filii
1019 4093 1102 4151 ‘oum
1123 4087 1308 4178 Astyphilo

235 4180 399 4270 cognatio
419 4205 497 4248 sane
526 4183 660 4249 meliori
677 4184 767 4274 jure,
796 4211 894 4274 quam
915 4186 1046 4253 actoris.
1088 4187 1196 4275 Leges
1218 4189 1308 4255 enim

250 4283 292 4350 ad
308 4282 520 4350 hereditatem
541 4283 629 4374 ejus,
663 4287 720 4373 qui
741 4288 813 4356 sine
833 4287 949 4356 liberis
970 4287 1127 4391 decessit,
1157 4290 1306 4382 primum
