2910 4830
371 335 435 408 na
454 333 967 430 circumponentem.
1139 342 1203 436 ιιι

139 505 269 590 credet,
304 529 411 594 neque
439 504 591 573 excusari
618 504 828 574 soloecismus
857 522 963 597 potest
983 508 1044 575 tali
1063 508 1225 596 ratione„

138 610 272 696 qualem
299 607 449 674 adhibuit
468 607 678 706 Hermaunus
700 607 826 732 Opuso
852 607 925 697 lp.
914 610 1010 680 ,315
1032 611 1109 676 huic
1128 610 1202 678 Ηο-

137 710 284 796 merico:
311 706 356 792 μή
378 732 430 788 σε,
459 691 561 794 γίρον,
588 703 658 774 οὐδ’
682 706 777 772 αὐτὸν
797 707 841 774 ’tvl
861 711 1010 796 κλισίῃσιν
1030 708 1122 778 ἐάσω.
1234 727 1237 738 ’

225 809 353 892 ἔσχαται
366 807 684 928 τιμωρίαιή-ἔλιιισιν.
705 808 871 877 Nimirum
886 809 1033 896 ἀτίμητος
1049 812 1137 878 hic’
1118 811 1201 898 cyclo

106 913 248 1016 fuisse
260 913 412 991 videtur,
440 911 477 978 iu
498 934 562 998 quo
582 923 714 1028 possent
734 912 775 976 ab
796 928 982 992 accusatore
1003 910 1101 980 etiem
1123 939 1201 1002 gra·

106 981 294 1083 vissimae
320 1037 444 1101 poenae
474 1011 629 1102 irrogari.
685 1010 764 1077 Vid.
796 1013 836 1078 de
868 1013 940 1079 ord.
968 1013 1036 1103 jud.
1065 1039 1100 1103 p.
1090 1014 1198 1082 ‚292
1290 1040 1292 1044 ·

138 1113 225 1184 Sed
237 1113 377 1182 articulo
408 1137 520 1192 carere
547 1112 603 1196 hic
630 1113 722 1178 locus
752 1113 815 1180 vix
833 1137 944 1232 posse·
949 1114 1101 1183 videtur.
1130 1138 1199 1183 ιιοιι

138 1216 228 1284 euim
255 1215 468 1301 designantur
490 1238 613 1302 poenae
638 1215 791 1298 quaedum
809 1215 1029 1298 ρισιιίιοίαιαε,
1063 1219 1120 1282 sed
1141 1241 1199 1305 po·

136 1317 203 1396 tius
233 1341 333 1401 genus
358 1341 529 1404 ρσσιιαιτιια
558 1309 788 1403 gravamur,
822 1316 1037 1400 grauissimae,
1060 1343 1199 1404 quaeqae

130 1444 265 1506 poenae
896 1441 899 1450 ·

221 1519 327 1608 §.ld
349 1517 450 1584 ἔπειτα
472 1555 514 1569 —-
533 1556 630 1570 -—
650 1515 853 1604 ἔγγοήσαντος
873 1515 981 1602 αὐτήν.
1024 1519 1120 1605 Quod
1143 1521 1198 1588 hio

137 1623 253 1703 eadem
280 1645 361 1709 quae
381 1619 480 1704 modo
507 1620 593 1686 dicta
614 1635 689 1686 sunt
709 1619 821 1686 verbis
842 1643 944 1710 paene
964 1619 1083 1687 iisdem
1103 1645 1198 1712 repe-

133 1739 267 1842 tuntur,
296 1721 471 1788 Reiskium
502 1736 533 1787 et
557 1720 754 1794 Bekkerum
784 1721 865 1788 adeo
893 1721 1046 1806 offendit,
1077 1737 1115 1788 ut
1134 1748 1198 1789 un-

104 1819 111 1827 ’
133 1825 218 1892 ciuis
239 1838 344 1891 totum
371 1823 459 1888 huuc
489 1823 600 1888 locum
619 1821 883 1941 includerent,
871 1847 909 1887 ιιι
930 1846 994 1909 quo
1015 1823 1105 1906 haud
1127 1824 1195 1891 scio

131 1942 247 1993 utrum
266 1923 480 1993 librariorum
502 1947 545 1988 an
560 1923 676 2020 ἱρεῖαι
691 1919 838 1991 oratoris
858 1923 977 1991 vitium
998 1918 1113 1992 notare
1134 1949 1196 1992 vo

2 2079 3 2088 ,
131 2027 268 2095 luerint.
311 2025 397 2094 Nam
412 1997 567 2091 librarios
586 2025 718 2112 quidem
729 2024 806 2113 quid
829 2045 1021 2114 permovere
1040 2017 1195 2116 potuerit,
1291 2109 1295 2116 ι

130 2129 214 2196 haec
245 2142 283 2203 ut
308 2127 571 2215 interponerent,
602 2150 699 2204 nemo
726 2126 825 2196 facile
851 2126 1041 2215 exputabit3
1071 2128 1196 2195 oratori

131 2245 243 2297 autem
274 2228 423 2315 equidem
453 2228 538 2292 hanc
569 2227 796 2344 repetitionem
823 2227 941 2293 sinon
969 2229 1078 2308 leudi,
1108 2245 1195 2320 certe

129 2355 201 2419 ιιοιι
224 2329 310 2400 vitio
331 2328 522 2397 vertendam
550 2352 619 2394 esse
646 2327 812 2394 existimo.
862 2325 996 2394 Scilicet
1022 2330 1194 2419 superiora

128 2433 191 2500 illa
212 2416 390 2499 Nicodemo
420 2429 507 2496 dicta
535 2443 629 2511 suut3
654 2452 744 2495 nuuc
764 2429 805 2494 ab
827 2428 891 2494 hoc
911 2429 952 2494 ad
973 2429 1096 2519 judices
1118 2455 1195 2498 ora·

103 2583 105 2596 .
128 2535 283 2626 tionem
271 2531 431 2601 convertit
446 2535 563 2618 eosque
578 2530 772 2617 alloquens
760 2515 940 2624 ruterrogat
951 2532 1194 2616 quodammodo
1238 2553 1248 2596 s

130 2636 210 2723 quid
226 2635 367 2722 sentiant
383 2632 464 2722 ipsiz'
496 2631 707 2698 convictusne
720 2630 927 2704 adversarius
948 2631 1065 2698 videri
1078 2633 1194 2720 debeat

129 2737 190 2816 tali
213 2748 427 2823 argumento,
456 2749 524 2799 tam
537 2732 633 2818 gravi
654 2748 784 2819 tamque
801 2732 992 2814 manifesto,
1020 2733 1105 2819 quod
1128 2757 1192 2820 quo

129 2837 238 2924 magis
259 2852 330 2904 erat
350 2837 389 2902 ad
413 2834 674 2901 convincendum
701 2833 925 2900 adversarium
945 2831 1121 2922 idoneum,
1152 2858 1192 2902 eo

129 2939 253 3016 rectius
275 2938 374 3005 etiam
395 2937 559 3030 judicibus
580 2936 686 3000 denuo
708 2949 783 3000 aute
806 2936 919 3000 oculos
939 2933 1091 3024 ponitur3
1114 2936 1191 3026 dein
1309 3013 1312 3020 .

107 3081 109 3086 ·
128 3040 240 3110 subito
253 3039 291 3104 ad
300 3038 513 3122 Nicodemum
530 3035 814 3122 revertitur'eique
823 3035 923 3101 instat
935 3035 1190 3124 interrogando:

128 3139 215 3226 ἢ·-
234 3135 446 3225 προστιοιῆσιις
476 3137 546 3204 οὐδ’
567 3173 609 3188 -
629 3133 754 3224 ᾔσθονς
784 3138 964 3223 iterumque
991 3138 1126 3224 abyhoc
1147 3139 1189 3204 ad
1315 3151 1316 3158 ’

127 3241 277 3336 judices:
314 3229 369 3305 εἶτ’
392 3239 440 3309 tut
460 3239 580 3315 τούτοις
599 3239 654 3305 οὐκ
674 3275 716 3288 --
737 3235 911 3323 εἰσήγγειλεν
933 3235 990 3318 ἅνς
1018 3238 1189 3327 omnisque

126 3345 211 3410 haec
231 3341 390 3410 orationis
410 3340 626 3408 conformatio
647 3339 785 3412 mirifice
805 3338 964 3428 exprimit
988 3338 1188 3408 viridiorem

127 3444 267 3511 dicentis
298 3442 451 3533 spiritum
487 3457 520 3509 et
557 3442 754 3508 acerrimum
785 3440 985 3530 confutandi⁴
1005 3440 1198 3534 adversarii

127 3545 285 3620 etodium.
306 3583 350 3596 -
374 3545 483 3631 Atque
511 3543 609 3613 etiam
641 3549 673 3624 d.
694 3544 738 3610 39
757 3541 894 3631 repetita
914 3541 1075 3629 legimus,
1105 3567 1187 3630 quae

125 3646 195 3739 jam
211 3646 249 3734 §0
260 3649 303 3712 37
316 3646 402 3713 dicta
418 3660 531 3730 erant,
557 3667 661 3730 neque
675 3643 826 3730 cuiquam
844 3644 908 3711 hoc
922 3642 1096 3710 offensioni
1108 3644 1184 3714 fuit.

206 3747 248 3836 ᾧ.
270 3746 325 3815 49.
354 3747 520 3834 τρισχιλίας
540 3745 680 3832 δραχμὰς
699 3752 811 3831 προῖκα
832 3741 963 3828 ἓνιιδρῦς.
1003 3742 1185 3832 iudignum

123 3873 204 3918 sane
225 3864 293 3935 tam
314 3848 468 3938 exiguam
489 3864 642 3938 paternae
661 3846 851 3914 hereditatis
871 3862 997 3938 partem
1017 3845 1185 3933 legitimae

55 3941 61 3952 ⁵
123 3950 214 4016 filiae
241 3950 282 4016 ab
310 3949 464 4038 adoptivo
492 3972 692 4024 concessam„
744 3947 811 4016 Sed
843 3963 953 4016 temen
983 3946 1092 4037 ipsum
1119 3950 1184 4016 hoc

122 4051 293 4140 τρισχιλίας
312 4049 469 4118 Reiskius
489 4074 557 4116 non
578 4065 699 4116 temere
719 4051 757 4117 in
772 4051 875 4133 χιλίας
893 4049 1087 4116 mutandum
1107 4075 1185 4117 oen·

123 4166 174 4228 set
194 4167 327 4242 propter
348 4150 386 4237 ὁ,
407 4151 466 4217 51:
486 4151 580 4234 ’μηδὲ
607 4150 641 4217 ed
664 4151 792 4220 δίκαιον
811 4151 904 4237 μέρος
923 4147 1055 4225 ἐπιδούς.
1097 4151 1184 4224 Nam

118 4251 226 4342 prium
246 4254 462 4338 talentorum,
490 4267 568 4344 quot
588 4253 754 4344 aPyrrho
774 4253 888 4320 relicta
902 4251 1084 4321 adversarii
1102 4274 1196 4319 con-¹
