<?xml version="1.0" encoding="UTF-8"?>
<!DOCTYPE html PUBLIC "-//W3C//DTD XHTML 1.0 Transitional//EN"
    "http://www.w3.org/TR/xhtml1/DTD/xhtml1-transitional.dtd">
<html xmlns="http://www.w3.org/1999/xhtml" xml:lang="en" lang="en">
 <head>
  <title>
</title>
<meta http-equiv="Content-Type" content="text/html;charset=utf-8" />
  <meta name='ocr-system' content='tesseract 3.04.00' />
  <meta name='ocr-capabilities' content='ocr_page ocr_carea ocr_par ocr_line ocrx_word'/>
</head>
<body>
  <div class='ocr_page' id='page_1' title='image "./isaeiorationesx01isaegoog_0270.png"; bbox 0 0 2910 4830; ppageno 0'>
   <div class='ocr_carea' id='block_1_1' title="bbox 409 233 1364 412">
    <p class='ocr_par' dir='ltr' id='par_1_1' title="bbox 409 233 1364 412">
     <span class='ocr_line' id='line_1_1' title="bbox 409 233 1364 412; baseline -0.003 -62"><span class='ocrx_word' id='word_1_1' title='bbox 409 279 472 368; x_wconf 83' lang='lat' dir='ltr'><strong>on</strong></span> <span class='ocrx_word' id='word_1_2' title='bbox 492 279 667 352; x_wconf 79' lang='grc' dir='ltr'>ιιιιιιιι</span> <span class='ocrx_word' id='word_1_3' title='bbox 686 233 1004 412; x_wconf 61' lang='lat' dir='ltr'><strong>manmena.</strong></span> <span class='ocrx_word' id='word_1_4' title='bbox 1168 277 1235 348; x_wconf 77' lang='grc' dir='ltr'><strong>ιιι</strong></span> <span class='ocrx_word' id='word_1_5' title='bbox 1360 245 1364 254; x_wconf 83' lang='grc'>’</span> 
     </span>
    </p>
   </div>
   <div class='ocr_carea' id='block_1_2' title="bbox 159 448 1236 641">
    <p class='ocr_par' dir='ltr' id='par_1_2' title="bbox 159 448 1236 641">
     <span class='ocr_line' id='line_1_2' title="bbox 173 448 1234 538; baseline -0.004 -20"><span class='ocrx_word' id='word_1_6' title='bbox 173 449 204 520; x_wconf 89' lang='lat' dir='ltr'><strong>si</strong></span> <span class='ocrx_word' id='word_1_7' title='bbox 223 449 379 518; x_wconf 83' lang='lat' dir='ltr'><strong>universa</strong></span> <span class='ocrx_word' id='word_1_8' title='bbox 410 448 559 538; x_wconf 85' lang='lat' dir='ltr'><strong>phratria</strong></span> <span class='ocrx_word' id='word_1_9' title='bbox 579 449 665 517; x_wconf 87' lang='lat' dir='ltr'><strong>hanc</strong></span> <span class='ocrx_word' id='word_1_10' title='bbox 685 449 925 520; x_wconf 75' lang='lat' dir='ltr'><strong>accusationem</strong></span> <span class='ocrx_word' id='word_1_11' title='bbox 946 473 1006 517; x_wconf 85' lang='lat' dir='ltr'><strong>suo</strong></span> <span class='ocrx_word' id='word_1_12' title='bbox 1027 448 1160 517; x_wconf 88' lang='lat' dir='ltr'><strong>nomine</strong></span> <span class='ocrx_word' id='word_1_13' title='bbox 1180 449 1234 516; x_wconf 87' lang='lat' dir='ltr'><strong>in·</strong></span> 
     </span>
     <span class='ocr_line' id='line_1_3' title="bbox 159 550 1236 641; baseline -0.002 -21"><span class='ocrx_word' id='word_1_14' title='bbox 159 550 374 621; x_wconf 62' lang='lat' dir='ltr'><strong>„stitnendam</strong></span> <span class='ocrx_word' id='word_1_15' title='bbox 393 550 597 630; x_wconf 77' lang='lat' dir='ltr'><strong>mandasset,</strong></span> <span class='ocrx_word' id='word_1_16' title='bbox 628 553 712 640; x_wconf 84' lang='lat' dir='ltr'><strong>hoc,</strong></span> <span class='ocrx_word' id='word_1_17' title='bbox 739 566 850 641; x_wconf 87' lang='lat' dir='ltr'><strong>utpote</strong></span> <span class='ocrx_word' id='word_1_18' title='bbox 870 550 1123 636; x_wconf 80' lang='lat' dir='ltr'><strong>gravisaimum,</strong></span> <span class='ocrx_word' id='word_1_19' title='bbox 1144 574 1236 618; x_wconf 90' lang='lat' dir='ltr'><strong>com·</strong></span> 
     </span>
    </p>
   </div>
   <div class='ocr_carea' id='block_1_3' title="bbox 161 651 1238 1044">
    <p class='ocr_par' dir='ltr' id='par_1_3' title="bbox 161 651 1238 1044">
     <span class='ocr_line' id='line_1_4' title="bbox 175 651 1237 741; baseline -0.007 -19"><span class='ocrx_word' id='word_1_20' title='bbox 175 675 360 722; x_wconf 88' lang='lat' dir='ltr'><strong>memorare</strong></span> <span class='ocrx_word' id='word_1_21' title='bbox 387 664 500 718; x_wconf 86' lang='lat' dir='ltr'><strong>orator</strong></span> <span class='ocrx_word' id='word_1_22' title='bbox 526 674 605 719; x_wconf 88' lang='lat' dir='ltr'><strong>sane</strong></span> <span class='ocrx_word' id='word_1_23' title='bbox 634 675 706 726; x_wconf 86' lang='lat' dir='ltr'><strong>non</strong></span> <span class='ocrx_word' id='word_1_24' title='bbox 729 651 1011 741; x_wconf 80' lang='lat' dir='ltr'><strong>praetermisisset.</strong></span> <span class='ocrx_word' id='word_1_25' title='bbox 1035 652 1166 721; x_wconf 79' lang='lat' dir='ltr'>,Aliter</span> <span class='ocrx_word' id='word_1_26' title='bbox 1186 665 1237 716; x_wconf 76' lang='lat' dir='ltr'><strong>ta·&#39;</strong></span> 
     </span>
     <span class='ocr_line' id='line_1_5' title="bbox 175 749 1237 843; baseline -0.002 -21"><span class='ocrx_word' id='word_1_27' title='bbox 175 779 253 822; x_wconf 90' lang='lat' dir='ltr'><strong>men</strong></span> <span class='ocrx_word' id='word_1_28' title='bbox 263 768 404 820; x_wconf 75' lang='lat' dir='ltr'><strong>statuere</strong></span> <span class='ocrx_word' id='word_1_29' title='bbox 419 751 732 821; x_wconf 74' lang='lat' dir='ltr'><strong>videturPsatnerns</strong></span> <span class='ocrx_word' id='word_1_30' title='bbox 744 749 897 843; x_wconf 84' lang='lat' dir='ltr'><strong>Symbol.</strong></span> <span class='ocrx_word' id='word_1_31' title='bbox 916 751 996 818; x_wconf 88' lang='lat' dir='ltr'><strong>adl.</strong></span> <span class='ocrx_word' id='word_1_32' title='bbox 1010 752 1054 820; x_wconf 84' lang='grc' dir='ltr'><strong>Α.</strong></span> <span class='ocrx_word' id='word_1_33' title='bbox 1069 778 1103 842; x_wconf 93' lang='lat' dir='ltr'><strong>p.</strong></span> <span class='ocrx_word' id='word_1_34' title='bbox 1114 751 1237 823; x_wconf 63' lang='lat' dir='ltr'><strong>tat-⁴</strong></span> 
     </span>
     <span class='ocr_line' id='line_1_6' title="bbox 161 850 1238 942; baseline 0 -21"><span class='ocrx_word' id='word_1_35' title='bbox 161 852 237 921; x_wconf 69' lang='lat' dir='ltr'><strong>dud</strong></span> <span class='ocrx_word' id='word_1_36' title='bbox 259 852 328 929; x_wconf 71' lang='lat' dir='ltr'><strong>iude</strong></span> <span class='ocrx_word' id='word_1_37' title='bbox 358 858 421 918; x_wconf 77' lang='lat' dir='ltr'><strong>coir</strong></span> <span class='ocrx_word' id='word_1_38' title='bbox 441 876 495 939; x_wconf 83' lang='grc' dir='ltr'><strong>φρ.</strong></span> <span class='ocrx_word' id='word_1_39' title='bbox 515 877 578 942; x_wconf 91' lang='lat' dir='ltr'><strong>pro</strong></span> <span class='ocrx_word' id='word_1_40' title='bbox 598 850 658 918; x_wconf 75' lang='grc' dir='ltr'>ιλπό</span> <span class='ocrx_word' id='word_1_41' title='bbox 680 877 772 928; x_wconf 83' lang='grc' dir='ltr'>τινος.</span> <span class='ocrx_word' id='word_1_42' title='bbox 814 851 1031 940; x_wconf 78' lang='lat' dir='ltr'><strong>Frequentior</strong></span> <span class='ocrx_word' id='word_1_43' title='bbox 1050 869 1161 921; x_wconf 87' lang='lat' dir='ltr'><strong>tamen</strong></span> <span class='ocrx_word' id='word_1_44' title='bbox 1181 854 1238 921; x_wconf 88' lang='lat' dir='ltr'><strong>hic</strong></span> 
     </span>
     <span class='ocr_line' id='line_1_7' title="bbox 175 949 1238 1044; baseline -0.002 -20"><span class='ocrx_word' id='word_1_45' title='bbox 175 979 256 1024; x_wconf 79' lang='lat' dir='ltr'><strong>usus</strong></span> <span class='ocrx_word' id='word_1_46' title='bbox 284 955 369 1044; x_wconf 89' lang='lat' dir='ltr'><strong>apud</strong></span> <span class='ocrx_word' id='word_1_47' title='bbox 398 954 596 1022; x_wconf 75' lang='lat' dir='ltr'><strong>recentiores</strong></span> <span class='ocrx_word' id='word_1_48' title='bbox 634 977 732 1040; x_wconf 85' lang='lat' dir='ltr'><strong>quam</strong></span> <span class='ocrx_word' id='word_1_49' title='bbox 769 954 853 1044; x_wconf 81' lang='lat' dir='ltr'><strong>apud</strong></span> <span class='ocrx_word' id='word_1_50' title='bbox 888 969 1014 1022; x_wconf 88' lang='lat' dir='ltr'><strong>veteres</strong></span> <span class='ocrx_word' id='word_1_51' title='bbox 1049 949 1238 1042; x_wconf 63' lang='lat' dir='ltr'><strong>scriptorem</strong></span> 
     </span>
    </p>
   </div>
   <div class='ocr_carea' id='block_1_4' title="bbox 177 1055 1413 1146">
    <p class='ocr_par' dir='ltr' id='par_1_4' title="bbox 177 1055 1413 1146">
     <span class='ocr_line' id='line_1_8' title="bbox 177 1055 1413 1146; baseline -0.004 -19"><span class='ocrx_word' id='word_1_52' title='bbox 177 1057 340 1146; x_wconf 84' lang='lat' dir='ltr'><strong>Exempla</strong></span> <span class='ocrx_word' id='word_1_53' title='bbox 367 1069 602 1142; x_wconf 80' lang='lat' dir='ltr'><strong>congesserunt</strong></span> <span class='ocrx_word' id='word_1_54' title='bbox 627 1055 742 1122; x_wconf 90' lang='lat' dir='ltr'><strong>Zeune</strong></span> <span class='ocrx_word' id='word_1_55' title='bbox 768 1055 809 1122; x_wconf 90' lang='lat' dir='ltr'><strong>ad</strong></span> <span class='ocrx_word' id='word_1_56' title='bbox 830 1055 985 1145; x_wconf 83' lang='lat' dir='ltr'><strong>Xenoph.</strong></span> <span class='ocrx_word' id='word_1_57' title='bbox 1015 1055 1152 1138; x_wconf 75' lang='lat' dir='ltr'><strong>Momm.</strong></span> <span class='ocrx_word' id='word_1_58' title='bbox 1175 1055 1238 1123; x_wconf 90' lang='lat'><strong>111.</strong></span> <span class='ocrx_word' id='word_1_59' title='bbox 1361 1065 1364 1073; x_wconf 88' lang='lat'>&#39;</span> <span class='ocrx_word' id='word_1_60' title='bbox 1411 1067 1413 1080; x_wconf 81' lang='grc'><em>’</em></span> 
     </span>
    </p>
   </div>
   <div class='ocr_carea' id='block_1_5' title="bbox 87 1153 1280 2662">
    <p class='ocr_par' dir='ltr' id='par_1_5' title="bbox 89 1153 1280 1850">
     <span class='ocr_line' id='line_1_9' title="bbox 89 1153 1238 1248; baseline -0.001 -22"><span class='ocrx_word' id='word_1_61' title='bbox 89 1169 92 1176; x_wconf 94' lang='grc'><strong>’</strong></span> <span class='ocrx_word' id='word_1_62' title='bbox 151 1239 154 1248; x_wconf 37' lang='grc'><strong>,</strong></span> <span class='ocrx_word' id='word_1_63' title='bbox 179 1161 213 1245; x_wconf 86' lang='grc'><strong>3,</strong></span> <span class='ocrx_word' id='word_1_64' title='bbox 235 1159 288 1236; x_wconf 75' lang='grc'><strong>12.</strong></span> <span class='ocrx_word' id='word_1_65' title='bbox 309 1156 461 1243; x_wconf 84' lang='lat' dir='ltr'><strong>Bergler.</strong></span> <span class='ocrx_word' id='word_1_66' title='bbox 484 1156 525 1221; x_wconf 90' lang='lat' dir='ltr'><strong>ad</strong></span> <span class='ocrx_word' id='word_1_67' title='bbox 545 1155 745 1244; x_wconf 82' lang='lat' dir='ltr'><strong>Alciphron.</strong></span> <span class='ocrx_word' id='word_1_68' title='bbox 763 1153 796 1240; x_wconf 86' lang='lat' dir='ltr'><strong>l,</strong></span> <span class='ocrx_word' id='word_1_69' title='bbox 817 1158 851 1222; x_wconf 98' lang='grc'><strong>3.</strong></span> <span class='ocrx_word' id='word_1_70' title='bbox 876 1153 1045 1223; x_wconf 83' lang='lat' dir='ltr'><strong>Sohaeser.</strong></span> <span class='ocrx_word' id='word_1_71' title='bbox 1068 1157 1110 1222; x_wconf 91' lang='grc'><strong>33</strong></span> <span class='ocrx_word' id='word_1_72' title='bbox 1130 1155 1238 1243; x_wconf 83' lang='lat' dir='ltr'><strong>Long.</strong></span> 
     </span>
     <span class='ocr_line' id='line_1_10' title="bbox 178 1254 1241 1354; baseline -0.004 -29"><span class='ocrx_word' id='word_1_73' title='bbox 178 1285 213 1354; x_wconf 91' lang='lat' dir='ltr'><strong>p.</strong></span> <span class='ocrx_word' id='word_1_74' title='bbox 233 1259 309 1326; x_wconf 90' lang='grc'><strong>399.</strong></span> <span class='ocrx_word' id='word_1_75' title='bbox 336 1293 381 1310; x_wconf 83' lang='grc'><strong>-·</strong></span> <span class='ocrx_word' id='word_1_76' title='bbox 416 1256 658 1344; x_wconf 87' lang='lat' dir='ltr'><strong>Loquutionem</strong></span> <span class='ocrx_word' id='word_1_77' title='bbox 680 1254 770 1340; x_wconf 79' lang='grc' dir='ltr'>’παρὰ</span> <span class='ocrx_word' id='word_1_78' title='bbox 790 1255 940 1341; x_wconf 72' lang='grc' dir='ltr'><strong>τέτταρας</strong></span> <span class='ocrx_word' id='word_1_79' title='bbox 965 1254 1093 1343; x_wconf 72' lang='grc' dir='ltr'>ψήφοις</span> <span class='ocrx_word' id='word_1_80' title='bbox 1116 1255 1241 1340; x_wconf 79' lang='grc' dir='ltr'>μετίσχι</span> 
     </span>
     <span class='ocr_line' id='line_1_11' title="bbox 148 1355 1242 1446; baseline -0.005 -18"><span class='ocrx_word' id='word_1_81' title='bbox 148 1367 154 1374; x_wconf 82' lang='grc'><strong>’</strong></span> <span class='ocrx_word' id='word_1_82' title='bbox 179 1364 237 1446; x_wconf 78' lang='grc' dir='ltr'><strong>τῆς</strong></span> <span class='ocrx_word' id='word_1_83' title='bbox 265 1356 381 1434; x_wconf 83' lang='grc' dir='ltr'>πόλεως</span> <span class='ocrx_word' id='word_1_84' title='bbox 410 1357 566 1426; x_wconf 85' lang='lat' dir='ltr'><strong>tractavit</strong></span> <span class='ocrx_word' id='word_1_85' title='bbox 585 1355 827 1424; x_wconf 80' lang='lat' dir='ltr'><strong>Valckenarius</strong></span> <span class='ocrx_word' id='word_1_86' title='bbox 855 1357 897 1423; x_wconf 83' lang='lat' dir='ltr'><strong>ad</strong></span> <span class='ocrx_word' id='word_1_87' title='bbox 917 1357 1078 1427; x_wconf 89' lang='lat' dir='ltr'><strong>Herodot.</strong></span> <span class='ocrx_word' id='word_1_88' title='bbox 1099 1356 1166 1442; x_wconf 90' lang='lat' dir='ltr'><strong>lx,</strong></span> <span class='ocrx_word' id='word_1_89' title='bbox 1186 1360 1242 1442; x_wconf 62' lang='lat'><strong>335</strong></span> 
     </span>
     <span class='ocr_line' id='line_1_12' title="bbox 181 1457 1243 1578; baseline -0.001 -52"><span class='ocrx_word' id='word_1_90' title='bbox 181 1460 343 1547; x_wconf 84' lang='lat' dir='ltr'><strong>multique</strong></span> <span class='ocrx_word' id='word_1_91' title='bbox 369 1458 428 1528; x_wconf 90' lang='lat' dir='ltr'><strong>alii</strong></span> <span class='ocrx_word' id='word_1_92' title='bbox 449 1482 530 1549; x_wconf 88' lang='lat' dir='ltr'><strong>quos</strong></span> <span class='ocrx_word' id='word_1_93' title='bbox 560 1458 695 1525; x_wconf 87' lang='lat' dir='ltr'><strong>laudare</strong></span> <span class='ocrx_word' id='word_1_94' title='bbox 721 1457 809 1530; x_wconf 82' lang='lat' dir='ltr'><strong>nihil</strong></span> <span class='ocrx_word' id='word_1_95' title='bbox 829 1457 963 1544; x_wconf 86' lang='lat' dir='ltr'><strong>attinet,</strong></span> <span class='ocrx_word' id='word_1_96' title='bbox 992 1482 1030 1525; x_wconf 88' lang='lat' dir='ltr'><strong>ac</strong></span> <span class='ocrx_word' id='word_1_97' title='bbox 1019 1458 1243 1578; x_wconf 80' lang='lat' dir='ltr'><strong>nuperrima</strong></span> 
     </span>
     <span class='ocr_line' id='line_1_13' title="bbox 181 1556 1280 1653; baseline -0.004 -25"><span class='ocrx_word' id='word_1_98' title='bbox 181 1561 383 1653; x_wconf 81' lang='lat' dir='ltr'><strong>Bernhardy</strong></span> <span class='ocrx_word' id='word_1_99' title='bbox 404 1557 548 1652; x_wconf 84' lang='lat' dir='ltr'><strong>Syntax.</strong></span> <span class='ocrx_word' id='word_1_100' title='bbox 578 1584 611 1649; x_wconf 93' lang='lat' dir='ltr'><strong>p.</strong></span> <span class='ocrx_word' id='word_1_101' title='bbox 632 1557 713 1642; x_wconf 89' lang='grc'><strong>258,</strong></span> <span class='ocrx_word' id='word_1_102' title='bbox 738 1556 785 1624; x_wconf 86' lang='grc'><strong>113</strong></span> <span class='ocrx_word' id='word_1_103' title='bbox 806 1575 915 1646; x_wconf 83' lang='lat' dir='ltr'><strong>tamen</strong></span> <span class='ocrx_word' id='word_1_104' title='bbox 936 1559 1064 1628; x_wconf 83' lang='lat' dir='ltr'><strong>utvim</strong></span> <span class='ocrx_word' id='word_1_105' title='bbox 992 1559 1155 1650; x_wconf 82' lang='lat' dir='ltr'><strong>vrmcjua</strong></span> <span class='ocrx_word' id='word_1_106' title='bbox 1176 1584 1244 1634; x_wconf 83' lang='lat' dir='ltr'><strong>nou</strong></span> <span class='ocrx_word' id='word_1_107' title='bbox 1278 1572 1280 1579; x_wconf 79' lang='grc'>’</span> 
     </span>
     <span class='ocr_line' id='line_1_14' title="bbox 182 1655 1249 1768; baseline -0.008 -34"><span class='ocrx_word' id='word_1_108' title='bbox 182 1678 376 1750; x_wconf 74' lang='lat' dir='ltr'><strong>assequutus</strong></span> <span class='ocrx_word' id='word_1_109' title='bbox 386 1662 549 1730; x_wconf 87' lang='lat' dir='ltr'><strong>videatur.</strong></span> <span class='ocrx_word' id='word_1_110' title='bbox 594 1657 691 1726; x_wconf 83' lang='lat' dir='ltr'><strong>Gonf.</strong></span> <span class='ocrx_word' id='word_1_111' title='bbox 708 1655 840 1728; x_wconf 85' lang='lat' dir='ltr'><strong>Schaef.</strong></span> <span class='ocrx_word' id='word_1_112' title='bbox 853 1660 980 1750; x_wconf 79' lang='lat' dir='ltr'><strong>Appar.</strong></span> <span class='ocrx_word' id='word_1_113' title='bbox 996 1661 1070 1730; x_wconf 86' lang='lat' dir='ltr'><strong>crit.</strong></span> <span class='ocrx_word' id='word_1_114' title='bbox 1084 1660 1164 1751; x_wconf 91' lang='lat' dir='ltr'><strong>llp.</strong></span> <span class='ocrx_word' id='word_1_115' title='bbox 1179 1661 1249 1768; x_wconf 88' lang='grc'><strong>310</strong></span> 
     </span>
     <span class='ocr_line' id='line_1_15' title="bbox 183 1755 942 1850; baseline -0.009 -17"><span class='ocrx_word' id='word_1_116' title='bbox 183 1779 216 1834; x_wconf 88' lang='grc'><strong>31</strong></span> <span class='ocrx_word' id='word_1_117' title='bbox 235 1763 426 1832; x_wconf 84' lang='lat' dir='ltr'><strong>Buttmann.</strong></span> <span class='ocrx_word' id='word_1_118' title='bbox 449 1762 490 1829; x_wconf 86' lang='grc'><strong>33</strong></span> <span class='ocrx_word' id='word_1_119' title='bbox 511 1759 684 1832; x_wconf 83' lang='lat' dir='ltr'><strong>Demosth.</strong></span> <span class='ocrx_word' id='word_1_120' title='bbox 707 1755 790 1829; x_wconf 82' lang='lat' dir='ltr'><strong>Mid.</strong></span> <span class='ocrx_word' id='word_1_121' title='bbox 780 1785 845 1850; x_wconf 91' lang='lat' dir='ltr'><strong>.p.</strong></span> <span class='ocrx_word' id='word_1_122' title='bbox 868 1763 942 1834; x_wconf 75' lang='lat'>1812</span> 
     </span>
    </p>

    <p class='ocr_par' dir='ltr' id='par_1_6' title="bbox 87 1857 1244 2258">
     <span class='ocr_line' id='line_1_16' title="bbox 270 1857 1244 1948; baseline -0.003 -17"><span class='ocrx_word' id='word_1_123' title='bbox 270 1865 372 1946; x_wconf 64' lang='grc'><strong>9.3.9</strong></span> <span class='ocrx_word' id='word_1_124' title='bbox 395 1859 510 1929; x_wconf 81' lang='grc' dir='ltr'>δοκεῖ</span> <span class='ocrx_word' id='word_1_125' title='bbox 491 1888 529 1927; x_wconf 76' lang='lat' dir='ltr'><strong>oe</strong></span> <span class='ocrx_word' id='word_1_126' title='bbox 543 1859 616 1945; x_wconf 75' lang='grc' dir='ltr'><strong>ὑμῖν</strong></span> <span class='ocrx_word' id='word_1_127' title='bbox 632 1857 928 1950; x_wconf 64' lang='grc' dir='ltr'><strong>39331ςό1γῶρωῦ</strong></span> <span class='ocrx_word' id='word_1_128' title='bbox 909 1887 993 1946; x_wconf 80' lang='grc' dir='ltr'>ιχεικ.</span> <span class='ocrx_word' id='word_1_129' title='bbox 1036 1861 1225 1930; x_wconf 61' lang='lat' dir='ltr'><strong>llandem&#39;n</strong></span> <span class='ocrx_word' id='word_1_130' title='bbox 1206 1888 1244 1928; x_wconf 81' lang='grc' dir='ltr'><strong>αν</strong></span> 
     </span>
     <span class='ocr_line' id='line_1_17' title="bbox 184 1962 1243 2059; baseline -0.004 -26"><span class='ocrx_word' id='word_1_131' title='bbox 184 1966 363 2059; x_wconf 76' lang='lat' dir='ltr'><strong>particulae</strong></span> <span class='ocrx_word' id='word_1_132' title='bbox 389 1963 639 2032; x_wconf 89' lang='lat' dir='ltr'><strong>collocationem</strong></span> <span class='ocrx_word' id='word_1_133' title='bbox 658 1962 727 2030; x_wconf 82' lang='lat' dir='ltr'><strong>vid.</strong></span> <span class='ocrx_word' id='word_1_134' title='bbox 757 1969 791 2044; x_wconf 64' lang='grc'><strong>9.</strong></span> <span class='ocrx_word' id='word_1_135' title='bbox 813 1963 869 2032; x_wconf 87' lang='grc'><strong>13.</strong></span> <span class='ocrx_word' id='word_1_136' title='bbox 900 1966 942 2032; x_wconf 86' lang='grc'><strong>51</strong></span> <span class='ocrx_word' id='word_1_137' title='bbox 973 1964 1037 2051; x_wconf 85' lang='lat' dir='ltr'><strong>bis,</strong></span> <span class='ocrx_word' id='word_1_138' title='bbox 1066 1966 1106 2031; x_wconf 88' lang='grc'><strong>33</strong></span> <span class='ocrx_word' id='word_1_139' title='bbox 1127 1963 1243 2032; x_wconf 83' lang='lat' dir='ltr'><strong>Giron.</strong></span> 
     </span>
     <span class='ocr_line' id='line_1_18' title="bbox 87 2064 1246 2162; baseline -0.003 -27"><span class='ocrx_word' id='word_1_140' title='bbox 87 2109 91 2116; x_wconf 74' lang='grc'><em>·</em></span> <span class='ocrx_word' id='word_1_141' title='bbox 184 2070 260 2135; x_wconf 88' lang='lat' dir='ltr'><strong>her.</strong></span> <span class='ocrx_word' id='word_1_142' title='bbox 289 2068 328 2155; x_wconf 56' lang='grc' dir='ltr'><strong>ἦ.</strong></span> <span class='ocrx_word' id='word_1_143' title='bbox 349 2069 404 2134; x_wconf 86' lang='grc'><strong>20.</strong></span> <span class='ocrx_word' id='word_1_144' title='bbox 432 2066 472 2133; x_wconf 90' lang='grc'><strong>33</strong></span> <span class='ocrx_word' id='word_1_145' title='bbox 492 2066 637 2157; x_wconf 82' lang='lat' dir='ltr'><strong>Astyplr.</strong></span> <span class='ocrx_word' id='word_1_146' title='bbox 659 2066 732 2134; x_wconf 86' lang='lat' dir='ltr'><strong>her.</strong></span> <span class='ocrx_word' id='word_1_147' title='bbox 754 2064 791 2154; x_wconf 59' lang='grc' dir='ltr'><strong>ς.</strong></span> <span class='ocrx_word' id='word_1_148' title='bbox 813 2066 872 2150; x_wconf 75' lang='lat'><strong>313</strong></span> <span class='ocrx_word' id='word_1_149' title='bbox 908 2090 972 2154; x_wconf 89' lang='lat' dir='ltr'><strong>quo</strong></span> <span class='ocrx_word' id='word_1_150' title='bbox 992 2067 1154 2162; x_wconf 78' lang='lat' dir='ltr'><strong>pertineat</strong></span> <span class='ocrx_word' id='word_1_151' title='bbox 1173 2089 1246 2134; x_wconf 90' lang='lat' dir='ltr'><strong>mo·</strong></span> 
     </span>
     <span class='ocr_line' id='line_1_19' title="bbox 185 2180 759 2258; baseline -0.014 -20"><span class='ocrx_word' id='word_1_152' title='bbox 185 2193 265 2238; x_wconf 88' lang='lat' dir='ltr'><strong>nere</strong></span> <span class='ocrx_word' id='word_1_153' title='bbox 285 2190 564 2258; x_wconf 82' lang='lat' dir='ltr'><strong>supervacaneum</strong></span> <span class='ocrx_word' id='word_1_154' title='bbox 585 2180 643 2235; x_wconf 87' lang='grc'><strong>331.</strong></span> <span class='ocrx_word' id='word_1_155' title='bbox 756 2221 759 2230; x_wconf 85' lang='grc'>.</span> 
     </span>
    </p>

    <p class='ocr_par' dir='ltr' id='par_1_7' title="bbox 187 2263 1266 2662">
     <span class='ocr_line' id='line_1_20' title="bbox 247 2263 1266 2356; baseline 0 -20"><span class='ocrx_word' id='word_1_156' title='bbox 247 2269 302 2337; x_wconf 77' lang='lat' dir='ltr'><strong>oi</strong></span> <span class='ocrx_word' id='word_1_157' title='bbox 330 2271 379 2335; x_wconf 75' lang='grc' dir='ltr'><strong>ἐπὶ</strong></span> <span class='ocrx_word' id='word_1_158' title='bbox 407 2268 561 2356; x_wconf 87' lang='grc' dir='ltr'>παλλακία</span> <span class='ocrx_word' id='word_1_159' title='bbox 591 2263 726 2342; x_wconf 79' lang='grc' dir='ltr'>διδόντες</span> <span class='ocrx_word' id='word_1_160' title='bbox 755 2266 821 2342; x_wconf 80' lang='grc' dir='ltr'><strong>τὰς</strong></span> <span class='ocrx_word' id='word_1_161' title='bbox 841 2264 970 2334; x_wconf 71' lang='grc' dir='ltr'>ἑαυτῶν.</span> <span class='ocrx_word' id='word_1_162' title='bbox 1021 2267 1266 2348; x_wconf 49' lang='lat' dir='ltr'><strong>certissimam¹</strong></span> 
     </span>
     <span class='ocr_line' id='line_1_21' title="bbox 187 2367 1250 2464; baseline -0.003 -25"><span class='ocrx_word' id='word_1_163' title='bbox 187 2373 274 2440; x_wconf 80' lang='lat' dir='ltr'><strong>hanc</strong></span> <span class='ocrx_word' id='word_1_164' title='bbox 304 2386 336 2438; x_wconf 93' lang='lat' dir='ltr'><strong>et</strong></span> <span class='ocrx_word' id='word_1_165' title='bbox 364 2370 561 2438; x_wconf 85' lang='lat' dir='ltr'><strong>facillimam</strong></span> <span class='ocrx_word' id='word_1_166' title='bbox 580 2367 732 2436; x_wconf 82' lang='lat' dir='ltr'><strong>Bekkeri</strong></span> <span class='ocrx_word' id='word_1_167' title='bbox 754 2370 1015 2464; x_wconf 83' lang='lat' dir='ltr'><strong>emendationem</strong></span> <span class='ocrx_word' id='word_1_168' title='bbox 1035 2395 1103 2438; x_wconf 88' lang='lat' dir='ltr'><strong>non</strong></span> <span class='ocrx_word' id='word_1_169' title='bbox 1124 2370 1250 2436; x_wconf 83' lang='lat' dir='ltr'><strong>dudum</strong></span> 
     </span>
     <span class='ocr_line' id='line_1_22' title="bbox 188 2467 1250 2559; baseline -0.006 -18"><span class='ocrx_word' id='word_1_170' title='bbox 188 2475 231 2541; x_wconf 83' lang='lat' dir='ltr'><strong>ab</strong></span> <span class='ocrx_word' id='word_1_171' title='bbox 262 2469 339 2540; x_wconf 88' lang='grc'><strong>31113</strong></span> <span class='ocrx_word' id='word_1_172' title='bbox 367 2473 538 2538; x_wconf 79' lang='lat' dir='ltr'><strong>inventam</strong></span> <span class='ocrx_word' id='word_1_173' title='bbox 568 2493 637 2536; x_wconf 84' lang='lat' dir='ltr'><strong>esse</strong></span> <span class='ocrx_word' id='word_1_174' title='bbox 666 2467 740 2559; x_wconf 85' lang='lat' dir='ltr'><strong>jura</strong></span> <span class='ocrx_word' id='word_1_175' title='bbox 765 2470 915 2552; x_wconf 82' lang='lat' dir='ltr'><strong>mireris,</strong></span> <span class='ocrx_word' id='word_1_176' title='bbox 948 2496 1049 2559; x_wconf 90' lang='lat' dir='ltr'><strong>quum</strong></span> <span class='ocrx_word' id='word_1_177' title='bbox 1074 2473 1112 2538; x_wconf 90' lang='lat' dir='ltr'><strong>in</strong></span> <span class='ocrx_word' id='word_1_178' title='bbox 1137 2485 1250 2538; x_wconf 83' lang='lat' dir='ltr'><strong>vetere</strong></span> 
     </span>
     <span class='ocr_line' id='line_1_23' title="bbox 188 2570 1250 2662; baseline -0.005 -19"><span class='ocrx_word' id='word_1_179' title='bbox 188 2573 329 2643; x_wconf 88' lang='lat' dir='ltr'><strong>lectione</strong></span> <span class='ocrx_word' id='word_1_180' title='bbox 362 2571 466 2640; x_wconf 87' lang='lat' dir='ltr'><strong>oratio</strong></span> <span class='ocrx_word' id='word_1_181' title='bbox 498 2571 622 2662; x_wconf 89' lang='lat' dir='ltr'><strong>pariter</strong></span> <span class='ocrx_word' id='word_1_182' title='bbox 649 2593 687 2636; x_wconf 88' lang='lat' dir='ltr'><strong>ac</strong></span> <span class='ocrx_word' id='word_1_183' title='bbox 720 2590 773 2638; x_wconf 85' lang='lat' dir='ltr'><strong>ros</strong></span> <span class='ocrx_word' id='word_1_184' title='bbox 804 2570 875 2662; x_wconf 83' lang='lat' dir='ltr'><strong>ipsa</strong></span> <span class='ocrx_word' id='word_1_185' title='bbox 907 2577 1065 2656; x_wconf 77' lang='lat' dir='ltr'><strong>attentum</strong></span> <span class='ocrx_word' id='word_1_186' title='bbox 1094 2574 1250 2639; x_wconf 87' lang='lat' dir='ltr'><strong>lectorem</strong></span> 
     </span>
    </p>
   </div>
   <div class='ocr_carea' id='block_1_6' title="bbox 191 2667 1371 2770">
    <p class='ocr_par' dir='ltr' id='par_1_8' title="bbox 191 2667 1371 2770">
     <span class='ocr_line' id='line_1_24' title="bbox 191 2667 1371 2770; baseline -0.007 -27"><span class='ocrx_word' id='word_1_187' title='bbox 191 2677 357 2743; x_wconf 83' lang='lat' dir='ltr'><strong>offendere</strong></span> <span class='ocrx_word' id='word_1_188' title='bbox 385 2674 533 2742; x_wconf 84' lang='lat' dir='ltr'><strong>debeant.</strong></span> <span class='ocrx_word' id='word_1_189' title='bbox 598 2669 811 2758; x_wconf 84' lang='lat' dir='ltr'><strong>Singularem</strong></span> <span class='ocrx_word' id='word_1_190' title='bbox 839 2672 970 2760; x_wconf 88' lang='lat' dir='ltr'><strong>quidem</strong></span> <span class='ocrx_word' id='word_1_191' title='bbox 1000 2697 1173 2770; x_wconf 82' lang='lat' dir='ltr'><strong>numerum</strong></span> <span class='ocrx_word' id='word_1_192' title='bbox 1202 2671 1252 2737; x_wconf 76' lang='grc' dir='ltr'>ἔπλ</span> <span class='ocrx_word' id='word_1_193' title='bbox 1368 2667 1371 2670; x_wconf 64' lang='grc'><strong>’</strong></span> 
     </span>
    </p>
   </div>
   <div class='ocr_carea' id='block_1_7' title="bbox 191 2772 1286 3982">
    <p class='ocr_par' dir='ltr' id='par_1_9' title="bbox 191 2772 1286 3554">
     <span class='ocr_line' id='line_1_25' title="bbox 192 2772 1286 2866; baseline -0.003 -24"><span class='ocrx_word' id='word_1_194' title='bbox 192 2777 378 2864; x_wconf 80' lang='grc' dir='ltr'>παλλακίδι,</span> <span class='ocrx_word' id='word_1_195' title='bbox 413 2800 474 2866; x_wconf 89' lang='lat' dir='ltr'><strong>pro</strong></span> <span class='ocrx_word' id='word_1_196' title='bbox 502 2797 567 2862; x_wconf 87' lang='lat' dir='ltr'><strong>quo</strong></span> <span class='ocrx_word' id='word_1_197' title='bbox 602 2772 759 2841; x_wconf 81' lang='lat' dir='ltr'><strong>Reiekius</strong></span> <span class='ocrx_word' id='word_1_198' title='bbox 793 2773 841 2837; x_wconf 73' lang='lat' dir='ltr'><strong>tut</strong></span> <span class='ocrx_word' id='word_1_199' title='bbox 876 2777 1040 2840; x_wconf 79' lang='grc' dir='ltr'>παλλακίσι</span> <span class='ocrx_word' id='word_1_200' title='bbox 1072 2775 1252 2864; x_wconf 85' lang='lat' dir='ltr'><strong>repositum</strong></span> <span class='ocrx_word' id='word_1_201' title='bbox 1282 2813 1286 2820; x_wconf 94' lang='lat'>·</span> 
     </span>
     <span class='ocr_line' id='line_1_26' title="bbox 191 2854 1250 2965; baseline -0.004 -20"><span class='ocrx_word' id='word_1_202' title='bbox 191 2854 352 2962; x_wconf 81' lang='lat' dir='ltr'><strong>malebat,</strong></span> <span class='ocrx_word' id='word_1_203' title='bbox 373 2877 470 2948; x_wconf 85' lang='lat' dir='ltr'><strong>facile</strong></span> <span class='ocrx_word' id='word_1_204' title='bbox 491 2874 808 2965; x_wconf 78' lang='lat' dir='ltr'><strong>delendaslllmsleji</strong></span> <span class='ocrx_word' id='word_1_205' title='bbox 829 2877 1056 2952; x_wconf 83' lang='lat' dir='ltr'><strong>observatione</strong></span> <span class='ocrx_word' id='word_1_206' title='bbox 1077 2878 1119 2942; x_wconf 89' lang='lat' dir='ltr'><strong>ad</strong></span> <span class='ocrx_word' id='word_1_207' title='bbox 1134 2874 1250 2964; x_wconf 85' lang='lat' dir='ltr'><strong>Eurip.</strong></span> 
     </span>
     <span class='ocr_line' id='line_1_27' title="bbox 193 2975 1253 3066; baseline -0.004 -18"><span class='ocrx_word' id='word_1_208' title='bbox 193 2979 281 3048; x_wconf 80' lang='lat' dir='ltr'><strong>Med.</strong></span> <span class='ocrx_word' id='word_1_209' title='bbox 310 3003 347 3047; x_wconf 81' lang='lat' dir='ltr'><strong>v.</strong></span> <span class='ocrx_word' id='word_1_210' title='bbox 377 2978 442 3046; x_wconf 85' lang='grc'><strong>991</strong></span> <span class='ocrx_word' id='word_1_211' title='bbox 470 2994 503 3046; x_wconf 85' lang='grc'><strong>31</strong></span> <span class='ocrx_word' id='word_1_212' title='bbox 529 2979 613 3045; x_wconf 84' lang='grc'><strong>1077</strong></span> <span class='ocrx_word' id='word_1_213' title='bbox 620 3002 631 3061; x_wconf 75' lang='lat'><em>3</em></span> <span class='ocrx_word' id='word_1_214' title='bbox 663 2977 719 3044; x_wconf 83' lang='lat' dir='ltr'><strong>sed</strong></span> <span class='ocrx_word' id='word_1_215' title='bbox 747 2975 795 3042; x_wconf 72' lang='lat' dir='ltr'><strong>tut</strong></span> <span class='ocrx_word' id='word_1_216' title='bbox 821 2979 984 3042; x_wconf 70' lang='grc' dir='ltr'>παλλακίδι</span> <span class='ocrx_word' id='word_1_217' title='bbox 1014 3002 1053 3043; x_wconf 81' lang='grc' dir='ltr'><strong>τι.</strong></span> <span class='ocrx_word' id='word_1_218' title='bbox 1066 2981 1172 3044; x_wconf 74' lang='grc' dir='ltr'>δοῦναι</span> <span class='ocrx_word' id='word_1_219' title='bbox 1192 2999 1253 3066; x_wconf 83' lang='lat' dir='ltr'><strong>pro</strong></span> 
     </span>
     <span class='ocr_line' id='line_1_28' title="bbox 196 3079 1255 3167; baseline -0.003 -20"><span class='ocrx_word' id='word_1_220' title='bbox 196 3081 351 3147; x_wconf 68' lang='grc' dir='ltr'>ἐπιδοῦναι</span> <span class='ocrx_word' id='word_1_221' title='bbox 372 3081 690 3167; x_wconf 15' lang='grc' dir='ltr'>παλλλικίδιλριοιιιιι</span> <span class='ocrx_word' id='word_1_222' title='bbox 710 3093 758 3146; x_wconf 85' lang='grc'><strong>331</strong></span> <span class='ocrx_word' id='word_1_223' title='bbox 776 3091 892 3145; x_wconf 88' lang='lat' dir='ltr'><strong>&#39;contra</strong></span> <span class='ocrx_word' id='word_1_224' title='bbox 912 3104 1007 3162; x_wconf 82' lang='lat' dir='ltr'><strong>usum</strong></span> <span class='ocrx_word' id='word_1_225' title='bbox 1028 3079 1200 3167; x_wconf 82' lang='lat' dir='ltr'><strong>loquendi,</strong></span> <span class='ocrx_word' id='word_1_226' title='bbox 1223 3094 1255 3144; x_wconf 86' lang='lat' dir='ltr'><strong>et</strong></span> 
     </span>
     <span class='ocr_line' id='line_1_29' title="bbox 196 3179 1256 3272; baseline -0.003 -24"><span class='ocrx_word' id='word_1_227' title='bbox 196 3182 369 3272; x_wconf 79' lang='lat' dir='ltr'><strong>pellicibus</strong></span> <span class='ocrx_word' id='word_1_228' title='bbox 398 3180 522 3267; x_wconf 88' lang='lat' dir='ltr'><strong>aliquid</strong></span> <span class='ocrx_word' id='word_1_229' title='bbox 552 3179 636 3246; x_wconf 84' lang='lat' dir='ltr'><strong>dotis</strong></span> <span class='ocrx_word' id='word_1_230' title='bbox 664 3180 770 3246; x_wconf 85' lang='lat' dir='ltr'><strong>instar</strong></span> <span class='ocrx_word' id='word_1_231' title='bbox 796 3180 867 3247; x_wconf 85' lang='lat' dir='ltr'><strong>dari</strong></span> <span class='ocrx_word' id='word_1_232' title='bbox 889 3181 1023 3246; x_wconf 89' lang='lat' dir='ltr'><strong>solitum</strong></span> <span class='ocrx_word' id='word_1_233' title='bbox 1051 3181 1141 3247; x_wconf 84' lang='lat' dir='ltr'><strong>credi</strong></span> <span class='ocrx_word' id='word_1_234' title='bbox 1162 3181 1256 3266; x_wconf 78' lang='lat' dir='ltr'><strong>narllo</strong></span> 
     </span>
     <span class='ocr_line' id='line_1_30' title="bbox 197 3257 1257 3373; baseline -0.004 -23"><span class='ocrx_word' id='word_1_235' title='bbox 197 3285 295 3350; x_wconf 91' lang='lat' dir='ltr'><strong>modo</strong></span> <span class='ocrx_word' id='word_1_236' title='bbox 316 3299 437 3373; x_wconf 85' lang='lat' dir='ltr'><strong>potest;</strong></span> <span class='ocrx_word' id='word_1_237' title='bbox 464 3298 500 3347; x_wconf 88' lang='lat' dir='ltr'><strong>ut</strong></span> <span class='ocrx_word' id='word_1_238' title='bbox 527 3296 652 3348; x_wconf 89' lang='lat' dir='ltr'><strong>taceam</strong></span> <span class='ocrx_word' id='word_1_239' title='bbox 671 3283 784 3371; x_wconf 88' lang='lat' dir='ltr'><strong>paullo</strong></span> <span class='ocrx_word' id='word_1_240' title='bbox 804 3297 877 3370; x_wconf 85' lang='lat' dir='ltr'><strong>post</strong></span> <span class='ocrx_word' id='word_1_241' title='bbox 897 3305 964 3348; x_wconf 92' lang='lat' dir='ltr'><strong>non</strong></span> <span class='ocrx_word' id='word_1_242' title='bbox 985 3283 1053 3369; x_wconf 85' lang='grc' dir='ltr'>περλ</span> <span class='ocrx_word' id='word_1_243' title='bbox 1072 3288 1135 3348; x_wconf 83' lang='grc' dir='ltr'><strong>τῶν</strong></span> <span class='ocrx_word' id='word_1_244' title='bbox 1156 3257 1257 3367; x_wconf 64' lang='lat' dir='ltr'><strong>dolp-</strong></span> 
     </span>
     <span class='ocr_line' id='line_1_31' title="bbox 198 3382 1257 3473; baseline 0 -23"><span class='ocrx_word' id='word_1_245' title='bbox 198 3385 333 3469; x_wconf 78' lang='grc' dir='ltr'>σαμέκωκ</span> <span class='ocrx_word' id='word_1_246' title='bbox 359 3384 416 3451; x_wconf 84' lang='grc'><strong>333</strong></span> <span class='ocrx_word' id='word_1_247' title='bbox 437 3382 545 3473; x_wconf 88' lang='lat' dir='ltr'><strong>potins</strong></span> <span class='ocrx_word' id='word_1_248' title='bbox 570 3384 718 3470; x_wconf 77' lang='grc' dir='ltr'><strong>περὶτῶν</strong></span> <span class='ocrx_word' id='word_1_249' title='bbox 746 3382 1028 3468; x_wconf 69' lang='grc' dir='ltr'><strong>απαδοθησαμέκων</strong></span> <span class='ocrx_word' id='word_1_250' title='bbox 1048 3384 1257 3452; x_wconf 86' lang='lat' dir='ltr'><strong>scribendum</strong></span> 
     </span>
     <span class='ocr_line' id='line_1_32' title="bbox 197 3487 311 3554; baseline 0 0"><span class='ocrx_word' id='word_1_251' title='bbox 197 3487 311 3554; x_wconf 85' lang='lat' dir='ltr'><strong>fuisse.</strong></span> 
     </span>
    </p>

    <p class='ocr_par' dir='ltr' id='par_1_10' title="bbox 199 3584 1261 3982">
     <span class='ocr_line' id='line_1_33' title="bbox 282 3584 1260 3672; baseline -0.002 -18"><span class='ocrx_word' id='word_1_252' title='bbox 282 3584 378 3672; x_wconf 78' lang='grc' dir='ltr'><em>μόνον</em></span> <span class='ocrx_word' id='word_1_253' title='bbox 404 3586 440 3653; x_wconf 82' lang='grc' dir='ltr'><strong>τὸ</strong></span> <span class='ocrx_word' id='word_1_254' title='bbox 469 3585 549 3652; x_wconf 81' lang='grc' dir='ltr'><strong>κατὰ</strong></span> <span class='ocrx_word' id='word_1_255' title='bbox 570 3584 862 3669; x_wconf 76' lang='grc' dir='ltr'>ταῦςκὸμοαςκτλ.</span> <span class='ocrx_word' id='word_1_256' title='bbox 903 3587 1089 3653; x_wconf 77' lang='lat' dir='ltr'><strong>Housmam</strong></span> <span class='ocrx_word' id='word_1_257' title='bbox 1109 3588 1191 3672; x_wconf 77' lang='lat' dir='ltr'><strong>egit,</strong></span> <span class='ocrx_word' id='word_1_258' title='bbox 1224 3599 1260 3652; x_wconf 83' lang='lat' dir='ltr'><strong>ot</strong></span> 
     </span>
     <span class='ocr_line' id='line_1_34' title="bbox 199 3688 1260 3774; baseline -0.003 -19"><span class='ocrx_word' id='word_1_259' title='bbox 199 3714 333 3758; x_wconf 81' lang='lat' dir='ltr'><strong>sororem</strong></span> <span class='ocrx_word' id='word_1_260' title='bbox 358 3715 446 3754; x_wconf 80' lang='lat' dir='ltr'><strong>eoum</strong></span> <span class='ocrx_word' id='word_1_261' title='bbox 470 3691 532 3754; x_wconf 80' lang='lat' dir='ltr'><strong>rite</strong></span> <span class='ocrx_word' id='word_1_262' title='bbox 558 3714 599 3766; x_wconf 71' lang='lat' dir='ltr'><strong>op</strong></span> <span class='ocrx_word' id='word_1_263' title='bbox 625 3691 760 3773; x_wconf 76' lang='lat' dir='ltr'><strong>legitime</strong></span> <span class='ocrx_word' id='word_1_264' title='bbox 785 3688 1003 3774; x_wconf 75' lang='lat' dir='ltr'><strong>desponderet,</strong></span> <span class='ocrx_word' id='word_1_265' title='bbox 1035 3690 1116 3755; x_wconf 82' lang='lat' dir='ltr'><strong>dotia</strong></span> <span class='ocrx_word' id='word_1_266' title='bbox 1135 3689 1260 3754; x_wconf 76' lang='lat' dir='ltr'><strong>restita-</strong></span> 
     </span>
     <span class='ocr_line' id='line_1_35' title="bbox 200 3788 1259 3877; baseline -0.003 -21"><span class='ocrx_word' id='word_1_267' title='bbox 200 3792 315 3858; x_wconf 81' lang='lat' dir='ltr'><strong>tionem</strong></span> <span class='ocrx_word' id='word_1_268' title='bbox 335 3804 392 3855; x_wconf 82' lang='lat' dir='ltr'><strong>aut</strong></span> <span class='ocrx_word' id='word_1_269' title='bbox 413 3792 559 3868; x_wconf 74' lang='lat' dir='ltr'><strong>alimento</strong></span> <span class='ocrx_word' id='word_1_270' title='bbox 575 3792 675 3857; x_wconf 82' lang='lat' dir='ltr'><strong>sorori</strong></span> <span class='ocrx_word' id='word_1_271' title='bbox 688 3791 870 3877; x_wconf 77' lang='lat' dir='ltr'><strong>praebendo</strong></span> <span class='ocrx_word' id='word_1_272' title='bbox 890 3791 970 3856; x_wconf 81' lang='grc' dir='ltr'>ια’ίιὶῑ</span> <span class='ocrx_word' id='word_1_273' title='bbox 989 3791 1118 3873; x_wconf 58' lang='lat' dir='ltr'><strong>curarat.</strong></span> <span class='ocrx_word' id='word_1_274' title='bbox 1162 3788 1259 3874; x_wconf 82' lang='lat' dir='ltr'><strong>Quod</strong></span> 
     </span>
     <span class='ocr_line' id='line_1_36' title="bbox 201 3887 1261 3982; baseline -0.006 -22"><span class='ocrx_word' id='word_1_275' title='bbox 201 3892 369 3980; x_wconf 69' lang='lat' dir='ltr'><strong>aequitare·</strong></span> <span class='ocrx_word' id='word_1_276' title='bbox 400 3890 435 3967; x_wconf 77' lang='grc' dir='ltr'><strong>ὃς</strong></span> <span class='ocrx_word' id='word_1_277' title='bbox 454 3891 505 3956; x_wconf 71' lang='grc' dir='ltr'><strong>ἐπ’</strong></span> <span class='ocrx_word' id='word_1_278' title='bbox 528 3891 619 3982; x_wconf 75' lang='grc' dir='ltr'>ὄλλγῳ</span> <span class='ocrx_word' id='word_1_279' title='bbox 640 3891 775 3980; x_wconf 79' lang='grc' dir='ltr'><strong>ἀργυρίῳ</strong></span> <span class='ocrx_word' id='word_1_280' title='bbox 796 3931 839 3944; x_wconf 83' lang='lat'><strong>-·</strong></span> <span class='ocrx_word' id='word_1_281' title='bbox 860 3887 982 3980; x_wconf 76' lang='grc' dir='ltr'>σφόδρα</span> <span class='ocrx_word' id='word_1_282' title='bbox 1002 3889 1146 3971; x_wconf 70' lang='grc' dir='ltr'>βούλεται</span> <span class='ocrx_word' id='word_1_283' title='bbox 1167 3916 1261 3973; x_wconf 72' lang='lat' dir='ltr'><strong>noeq-</strong></span> 
     </span>
    </p>
   </div>
   <div class='ocr_carea' id='block_1_8' title="bbox 91 3989 1262 4082">
    <p class='ocr_par' dir='ltr' id='par_1_11' title="bbox 91 3989 1262 4082">
     <span class='ocr_line' id='line_1_37' title="bbox 91 3989 1262 4082; baseline -0.003 -22"><span class='ocrx_word' id='word_1_284' title='bbox 91 4003 94 4011; x_wconf 90' lang='lat'>&#39;</span> <span class='ocrx_word' id='word_1_285' title='bbox 203 3993 258 4082; x_wconf 78' lang='grc' dir='ltr'><strong>ρὸς</strong></span> <span class='ocrx_word' id='word_1_286' title='bbox 278 3989 375 4073; x_wconf 73' lang='lat' dir='ltr'><strong>elect,</strong></span> <span class='ocrx_word' id='word_1_287' title='bbox 410 3993 573 4080; x_wconf 74' lang='lat' dir='ltr'><strong>significat</strong></span> <span class='ocrx_word' id='word_1_288' title='bbox 593 3994 808 4061; x_wconf 87' lang='lat' dir='ltr'><strong>Nicodemum</strong></span> <span class='ocrx_word' id='word_1_289' title='bbox 834 3993 1057 4061; x_wconf 82' lang='lat' dir='ltr'><strong>testimonium</strong></span> <span class='ocrx_word' id='word_1_290' title='bbox 1079 4017 1175 4060; x_wconf 88' lang='lat' dir='ltr'><strong>suum</strong></span> <span class='ocrx_word' id='word_1_291' title='bbox 1195 4015 1262 4057; x_wconf 89' lang='lat' dir='ltr'><strong>non</strong></span> 
     </span>
    </p>
   </div>
   <div class='ocr_carea' id='block_1_9' title="bbox 202 4089 1262 4288">
    <p class='ocr_par' dir='ltr' id='par_1_12' title="bbox 202 4089 1262 4288">
     <span class='ocr_line' id='line_1_38' title="bbox 202 4089 1262 4185; baseline -0.006 -23"><span class='ocrx_word' id='word_1_292' title='bbox 202 4094 306 4185; x_wconf 81' lang='lat' dir='ltr'><strong>gratis</strong></span> <span class='ocrx_word' id='word_1_293' title='bbox 326 4095 470 4182; x_wconf 78' lang='lat' dir='ltr'><strong>dixisse,</strong></span> <span class='ocrx_word' id='word_1_294' title='bbox 497 4097 554 4164; x_wconf 88' lang='lat' dir='ltr'><strong>sed</strong></span> <span class='ocrx_word' id='word_1_295' title='bbox 575 4098 758 4171; x_wconf 84' lang='lat' dir='ltr'><strong>mercedem</strong></span> <span class='ocrx_word' id='word_1_296' title='bbox 779 4094 810 4162; x_wconf 87' lang='lat' dir='ltr'><strong>ei</strong></span> <span class='ocrx_word' id='word_1_297' title='bbox 831 4119 850 4162; x_wconf 91' lang='lat' dir='ltr'><strong>a</strong></span> <span class='ocrx_word' id='word_1_298' title='bbox 870 4089 1039 4179; x_wconf 66' lang='lat' dir='ltr'><strong>xenone.</strong></span> <span class='ocrx_word' id='word_1_299' title='bbox 1069 4094 1099 4163; x_wconf 90' lang='lat' dir='ltr'><strong>si</strong></span> <span class='ocrx_word' id='word_1_300' title='bbox 1119 4093 1262 4174; x_wconf 85' lang='lat' dir='ltr'><strong>vicisset,</strong></span> 
     </span>
     <span class='ocr_line' id='line_1_39' title="bbox 202 4221 502 4288; baseline -0.003 -22"><span class='ocrx_word' id='word_1_301' title='bbox 202 4221 401 4288; x_wconf 72' lang='lat' dir='ltr'><strong>promuseam</strong></span> <span class='ocrx_word' id='word_1_302' title='bbox 420 4221 502 4266; x_wconf 88' lang='lat' dir='ltr'><strong>esse.</strong></span> 
     </span>
    </p>
   </div>
   <div class='ocr_carea' id='block_1_10' title="bbox 0 0 1495 4830">
    <p class='ocr_par' dir='ltr' id='par_1_13' title="bbox 0 0 1495 4830">
     <span class='ocr_line' id='line_1_40' title="bbox 0 0 1495 4830; baseline 0 0"><span class='ocrx_word' id='word_1_303' title='bbox 0 0 1495 4830; x_wconf 95' lang='lat' dir='ltr'><strong> </strong></span> 
     </span>
    </p>
   </div>
  </div>
 </body>
</html>
