2910 4830
268 385 334 452 290
441 445 444 456 ,
592 375 970 457 ›tn-‹ttttATtoNEot
1066 479 1069 485 Ι

270 565 387 644 potest.
429 549 515 616 Nam
543 548 629 635 qued
657 548 695 638 d.
718 546 761 613 12
782 558 947 628 actorem,
978 543 1072 636 eujus
1098 559 1205 614 mater
1225 569 1335 635 super·

271 669 337 721 stes
358 666 449 735 erat,
475 652 516 717 de
538 673 597 716 sna
617 647 769 739 portione
789 649 975 735 loquentem
995 647 1148 716 ridemus
1170 649 1337 734 (προσῆκον

272 752 358 840 αὐτῷ
378 791 422 804 -
442 757 487 838 τῷ
508 750 671 837 Μενεξένῳ
691 787 735 802 --
755 746 1062 835 roixldpoortdpor
1081 747 1213 837 ὅσονπερ
1235 750 1335 837 ἐμοί),

271 855 360 922 nihil
381 855 506 936 obstet,
536 874 600 938 quo
621 849 733 918 minus
753 873 847 918 auam
869 864 996 939 partem
1019 849 1129 936 dieat,
1159 875 1240 946 quae
1260 876 1337 941 pro-

271 957 344 1046 prie
364 952 479 1022 matria
499 967 587 1036 erat,
619 952 737 1043 quippe
758 949 850 1043 enjus
870 941 941 1041 ipse
961 948 1066 1038 κύριος
1087 967 1182 1020 esset.
1225 952 1338 1043 Appa-

135 1054 139 1060 ’
272 1072 323 1148 ret
354 1071 465 1122 tamen
494 1054 541 1122 ita
563 1053 664 1120 etiam
684 1055 749 1120 hoo
779 1054 872 1136 loeo,
905 1051 943 1119 in
969 1052 1077 1143 eapite
1104 1053 1247 1122 divisam
1268 1077 1337 1120 esse

271 1156 489 1226 hereditatem
515 1155 603 1221 inter
630 1176 760 1222 sorores
789 1167 821 1219 et
851 1152 994 1220 aliarum
1022 1177 1176 1222 sororum
1202 1155 1336 1240 liberos,

224 1320 230 1328 .
272 1283 375 1347 quum
400 1271 433 1325 et
459 1280 554 1324 soror
582 1253 759 1323 Menexeni
791 1272 918 1344 partem
946 1255 1108 1345 acceperit
1140 1256 1193 1343 (ᾗ.
1215 1259 1269 1343 9),
1303 1271 1336 1324 et

271 1358 375 1450 ipsine
384 1358 563 1426 Menexeni
578 1381 654 1446 pars
673 1381 740 1424 non
751 1357 863 1424 minor
880 1355 998 1441 suerit,
1021 1381 1118 1444 quam
1134 1381 1217 1444 quae
1237 1357 1336 1424 matri

272 1457 392 1529 autoris
409 1498 452 1510 -
466 1459 496 1526 si
513 1458 646 1545 quidam
660 1458 775 1524 matris
795 1471 956 1547 estpars,
979 1483 1077 1545 quam
1092 1482 1186 1526 suam
1206 1459 1335 1526 dicit-

268 1548 417 1631 obvenit,
431 1599 474 1611 -
494 1557 606 1647 Neque
623 1581 704 1626 vero
727 1580 772 1624 ex
791 1558 834 1626 iis
856 1583 939 1647 qnae
961 1558 1034 1650 §.9
1053 1575 1142 1629 extr.
1164 1560 1334 1629 dicuntura

275 1663 416 1750 ἀφείλετο
443 1662 549 1727 δὲκαὶ
578 1660 636 1744 τὴν
656 1658 877 1747 Κηφισοδότου
896 1662 1017 1749 μητέρα
1036 1663 1089 1725 καὶ
1109 1659 1205 1728 αὐτὸν
1225 1667 1334 1729 τοῦτον

271 1765 394 1830 ἅπαντα
406 1811 415 1841 ,
442 1778 537 1842 suant
563 1762 693 1849 utrique
721 1761 928 1851 portionem,
959 1763 1062 1830 matri
1089 1786 1128 1830 ao
1148 1765 1240 1848 lilio,
1268 1765 1335 1830 'oh-

271 1866 401 1961 venisse
430 1879 520 1931 certo
548 1865 696 1952 colligas.
740 1860 806 1929 Sed
828 1859 930 1951 quum
949 1880 1060 1954 postea
1082 1871 1116 1946 ᾗ.
1137 1867 1181 1933 26
1201 1864 1335 1932 mulieri

271 1967 343 2051 illi,
374 1990 476 2053 quam
501 1989 563 2054 ego
592 1962 808 2054 Cephisodoti
834 1989 983 2033 sororem
1011 1982 1111 2057 puto,
1142 1967 1336 2040 tantundem

272 2057 384 2154 deberi
413 2068 561 2150 dicatur,
593 2082 751 2152 quantum
778 2067 899 2134 actoris
929 2068 1046 2151 metri3
1077 2083 1219 2135 statuere
1244 2069 1335 2154 lieet,

271 2193 337 2258 quo
357 2184 502 2258 tempore
515 2167 740 2255 Dicaeogeuea
760 2163 798 2235 iu
817 2167 978 2260 judicium
998 2175 1133 2237 voratus
1155 2185 1187 2237 et
1207 2172 1336 2237 bessem

271 2271 442 2338 restituere
465 2284 593 2335 coaetus
615 2284 683 2353 est,
700 2339 702 2348 ,
717 2284 884 2337 mortuam
903 2271 1005 2338 fuisse
1027 2269 1241 2362 Cephisodoti
1261 2296 1335 2339 ma-

244 2452 246 2459 Ι
271 2389 374 2457 trem,
409 2394 449 2436 ao
476 2370 613 2458 proinde
642 2370 860 2461 Cephisodoto
890 2372 1070 2460 ceterisque
1098 2373 1192 2440 illius
1218 2374 1336 2442 liberis

271 2472 480 2556 tantundem,
510 2488 668 2558 qua-ntum
697 2489 911 2558 materterae,
939 2475 1122 2542 obvenisse.
1142 2513 1186 2524 —
1206 2474 1337 2562 Quam·

266 2599 372 2665 quam
396 2574 559 2640 incertam
584 2575 672 2641 hano
700 2599 771 2642 esse
791 2575 1012 2666 conjecturem
1032 2577 1201 2666 intelligo,
1227 2603 1337 2666 neque

269 2679 390 2745 falsam
411 2674 650 2743 esseBunsanii
665 2677 1114 2762 sententiamoontenderim3
1145 2680 1208 2747 hoo
1229 2705 1337 2748 unum

271 2779 363 2864 dieo,
391 2800 464 2844 rem
484 2801 530 2843 ex*
547 2791 661 2858 nostra
681 2778 814 2864 quidem
834 2779 983 2846 oratione
1004 2796 1092 2848 certo
1113 2781 1338 2850 demonstrari

270 2880 339 2948 'non
358 2902 464 2969 posse.
508 2876 607 2964 Quod
629 2893 738 2952 autem
758 2879 850 2946 alind
871 2905 915 2947 ex
936 2883 1083 2949 oratioue
1104 2883 1144 2950 da
1165 2871 1338 2952 Philocte-

270 2980 379 3050 tnonis
405 2977 585 3046 hereditate
616 2996 848 3065 argumentum
878 2982 1064 3052 Bunsanius
1082 2971 1230 3076 petivit,
1268 2988 1337 3054 hoo

258 3103 334 3169 uqno
354 3079 427 3172 jure
447 3080 576 3165 feeerit,
606 3104 666 3148 suo
686 3084 760 3149 loeo
779 3082 977 3153 videbimus.
1005 3075 1009 3083 ⁶

352 3181 468 3250 Restat
478 3195 516 3250 ut
527 3205 754 3272 exponamus,
785 3208 849 3272 quo
871 3193 1017 3277 tempore
1038 3187 1120 3256 haee
1141 3213 1237 3256 causa
1259 3206 1337 3258 acta

269 3280 377 3352 videri
398 3277 542 3367 debeat,
557 3301 621 3372 qua
640 3283 679 3350 in
698 3309 735 3352 re
747 3287 1006 3356 dissentiendum
1027 3290 1114 3358 mihi
1135 3305 1184 3358 est
1204 3291 1338 3360 altr-ti-

144 3385 146 3388 ’
269 3383 343 3472 geri
366 3384 545 3480 sententia,
575 3386 632 3473 qui
658 3387 698 3452 ad
720 3385 868 3456 clinton.
890 3388 980 3478 Faat.
1001 3390 1092 3459 Hell.
1115 3417 1148 3481 p.
1172 3394 1239 3462 113,
1254 3418 1337 3463 ora·

267 3485 394 3552 tionem
419 3501 567 3554 nostram
594 3489 806 3574 nonagesima
836 3516 923 3560 nona
950 3493 1151 3585 Olympiade
1180 3495 1337 3564 habitam

268 3609 339 3670 esse
359 3587 476 3676 statuit=
489 3602 662 3678 propterea
684 3588 770 3682 qnod
791 3616 811 3659 a
831 3615 943 3682 pugna
964 3592 1105 3681 Cnidia,
1132 3596 1168 3662 in
1190 3591 1338 3683 qua'Di·

218 3771 219 3780 ἵ
267 3711 446 3777 oaeogenes
462 3687 499 3755 ΙΙ
516 3687 636 3757 obiisse
649 3691 769 3760 dieitur
790 3693 874 3781 Μ,
895 3695 1036 3786 amplius
1057 3697 1230 3772 duodecim
1248 3701 1339 3766 anni

265 3789 511 3880 praeterierint,
533 3814 634 3877 quum
645 3793 727 3862 haeo
740 3785 896 3865 adversus
907 3798 1154 3886 Dioaeoganem
1164 3785 1216 3867 Ill
1231 3825 1338 3868 causa

266 3908 419 3977 ageretur
431 3891 518 3982 (vid.
532 3892 632 3980 Μ),
653 3897 794 3980 neudum
813 3900 945 3968 finitum
964 3902 1073 3969 suerit·
1085 3903 1209 3970 bellum
1217 3903 1339 3996 Olyn-

222 3997 225 4002 ’
265 3992 372 4059 thium
394 3992 446 4079 (ᾗ.
467 3991 537 4079 46).
585 3997 634 4064 At
653 4023 733 4067 vero
754 4025 821 4068 non
850 4003 1084 4072 animadvertit
1103 4004 1159 4073 vir
1177 4005 1339 4072 doetissi-

264 4116 338 4160 mue
358 4117 443 4181 quae
463 4096 619 4184 leguntur
639 4100 676 4187 ᾖ.
697 4102 757 4171 35:
787 4129 855 4172 non
877 4105 967 4173 enim
989 4105 1162 4175 duodecim
1183 4106 1338 4176 seddno

263 4210 295 4261 et
315 4194 436 4284 viginti
465 4200 613 4290 amplius
637 4225 742 4272 annos
769 4207 812 4274 ab
842 4207 903 4274 illo
931 4209 1079 4298 proelio,
1109 4211 1147 4274 iu
1164 4233 1242 4304 ,quo
1263 4208 1340 4276 Di-

261 4299 438 4382 oa'eogenes
459 4301 595 4388 cecidit,
621 4307 828 4394 praeteriisse
844 4308 1073 4406 intellexisset.
1116 4309 1204 4380 Nam
1225 4335 1340 4398 quum
