2910 4830
245 359 328 428 atta
586 353 659 422 ἸΝ
680 351 958 424 ORATIONEM

263 559 297 612 et
321 527 573 630 Hagnothenm,
607 539 663 607 sed
694 562 729 605 se
756 539 845 628 ipsos
865 537 1041 607 Nicostrati
1071 551 1226 625 cognatos
1254 563 1323 607 esse

263 643 475 725 contendant,
503 640 675 708 manifesto
698 658 753 706 eoa
772 637 916 708 mentiri.
959 639 1053 728 Ipsos
1068 639 1158 724 enim
1179 638 1243 707 eibi
1264 643 1355 730 110¹--

261 745 327 812 tim
348 743 562 810 hereditatem
582 741 758 830 petituros,
779 763 878 826 qnam
899 737 1056 807 chariadi
1086 739 1250 806 auxilium
1271 743 1321 808 la··

142 874 145 882 ·
262 845 476 913 tnrosfnisse.
521 840 674 910 (ieter-am
689 842 719 908 si
732 841 861 928 cognati
883 855 988 908 essent
1002 839 1202 927 Nicostrati,
1224 841 1322 909 etiam'

261 945 341 1036 ipsis
362 945 469 1032 magis
497 942 670 1034 expedire,
700 942 729 1010 si
749 941 905 1028 Hagnoni
931 956 963 1010 et
983 941 1195 1029 Hagnotheo,
1224 965 1322 1030 qnam

246 1035 457 1116 ‘sichariadi
469 1045 630 1111 hereditas
645 1043 866 1134 adjudicetur-3
896 1045 961 1110 hoc
974 1045 1063 1110 enim
1082 1043 1112 1110 ai
1132 1046 1208 1126 fiat,
1230 1065 1321 1110 com-⁵

260 1148 438 1239 probato-a
458 1143 622 1235 judicibus
642 1158 851 1227 testamento,
881 1146 1011 1212 n'ullum
1030 1145 1099 1236 jam
1118 1143 1250 1233 petendi
1269 1146 1322 1210 lo·

260 1269 337 1314 enm
364 1245 511 1334 cognatis
542 1245 703 1333 relinqni3
733 1245 790 1312 ain
816 1244 870 1311 illi
890 1267 978 1311 nunc
997 1243 1213 1312 hereditatem
1236 1245 1322 1310 acci·

134 1439 137 1448 ‚
260 1350 370 1440 piant,
398 1347 499 1414 licere
528 1347 610 1438 ipsis
630 1347 728 1412 etiam
749 1352 859 1436 postea
879 1369 952 1414 eam
968 1362 1102 1442 petere,
1138 1345 1167 1413 si
1187 1369 1223 1414 se
1243 1369 1322 1438 pro·

201 1505 204 1528 ,
260 1451 369 1543 piorea
391 1446 585 1537 cognatione
605 1447 775 1514 ostendere
796 1447 932 1537 possint.
1248 1535 1254 1546 ¹

344 1549 498 1636 Denique
518 1547 619 1616 etiam
639 1548 807 1637 digniores
829 1572 897 1616 esse
912 1548 1108 1637 Hagnonem
1130 1563 1162 1615 et
1181 1547 1320 1634 Hagno·
1445 1545 1447 1562 “

260 1653 395 1738 theom,
410 1653 520 1739 'quam
535 1647 746 1719 chariadem.
788 1649 871 1730 Illos
893 1650 982 1717 enim
1002 1665 1034 1716 et
1045 1650 1175 1739 publice
1191 1663 1229 1717 'et
1249 1649 1321 1739 pri-

260 1753 364 1822 vatim
384 1750 614 1819 honestissime
634 1774 762 1840 semper
781 1752 925 1836 vixisse,
954 1750 1107 1818 omnibus
1125 1751 1320 1818 muneribus

260 1877 281 1922 a
301 1877 339 1920 re
358 1853 489 1942 publica
508 1851 665 1941 injunctis
685 1852 825 1941 impigre
845 1853 991 1934 sanctos3
1017 1853 1106 1918 hanc
1127 1867 1235 1918 antem
1255 1853 1320 1920 ho-

260 1953 386 2021 minem
406 1975 476 2020 ease
495 1953 684 2041 impurum,
709 1953 822 2019 multia
842 1953 1048 2020 facinoribus
1064 1954 1223 2020 infamem
1245 1952 1322 2019 dine

261 2079 324 2144 qne
344 2068 478 2146 propter
497 2077 622 2145 poenae
642 2068 766 2121 metum
783 2043 892 2143 'patria
913 2069 1079 2122 extorrem
1099 2069 1131 2130 et
1151 2079 1240 2122 nunc
1261 2055 1322 2148 de·

261 2181 353 2242 mum
372 2171 445 2246 post
464 2154 640 2225 Nicostrati
661 2169 801 2223 mortem
820 2178 1003 2226 reversam.

305 2461 308 2466 '
345 2442 431 2531 Quo
449 2456 595 2534 tempore
621 2443 703 2528 haec
729 2470 825 2514 cansa
851 2461 922 2514 acta
950 2445 994 2514 sit
1019 2445 1097 2512 iicet
1117 2433 1210 2512 nullo
1231 2457 1322 2513 certe
1365 2513 1369 2530 ‚

259 2544 385 2614 indicio
412 2545 564 2633 cognosci
593 2546 714 2636 possit,
741 2572 809 2636 non
830 2564 941 2616 tamen
960 2546 1093 2614 silentio
1113 2547 1322 2636 praetermit-

260 2647 392 2714 tendam
414 2645 497 2716 dnxi
512 2648 675 2733 quandam
688 2647 815 2718 Ionesii
836 2649 1068 2741 conjecturam.
1111 2648 1196 2714 Nam
1217 2673 1321 2736 quum

261 2747 300 2835 ἦ.
320 2749 363 2816 28
390 2749 538 2834 legamus
560 2747 759 2818 Chariadem
780 2776 854 2818 cum
881 2751 956 2818 aliia
978 2749 1171 2836 quibusdam
1190 2751 1321 2816 malefi-

260 2849 309 2916 cia
336 2873 355 2915 a
380 2871 509 2916 carcere
538 2848 709 2917 dimissum
736 2876 805 2920 esse
832 2854 872 2918 ab
903 2850 1163 2936 Undecimviria,
1201 2874 1321 2938 eoaque

224 3021 226 3030 s
262 2971 376 3018 omnes
395 2963 505 3038 postea
526 2952 639 3039 populi
659 2951 751 3044 jaissu
766 2953 972 3038 interfectos,
1000 2951 1150 3022 Ionesius
1165 2951 1238 3019 fieri
1258 2976 1322 3042 po·

244 3063 251 3074 ”
261 3050 362 3118 tuisse
389 3063 504 3138 negat,
536 3065 590 3136 nt,
627 3053 656 3119 si
685 3055 814 3140 qnando
842 3070 947 3122 totum
974 3054 1057 3120 illud
1087 3055 1138 3120 xl
1167 3053 1322 3121 virorum

241 3147 439 3236 'coNegium
467 3165 572 3218 morte
600 3154 794 3223 mulctatum
810 3157 875 3242 sit,
902 3170 969 3222 tam
989 3156 1130 3242 insignis
1153 3155 1204 3222 rai
1224 3157 1322 3221 nulla

260 3253 346 3342 epod
366 3251 452 3324 alios
481 3251 655 3341 scriptores
681 3259 806 3325 mentio
826 3258 1028 3348 injiceretur.
1071 3257 1188 3324 Videri
1207 3257 1322 3344 itaque

259 3355 338 3422 illos
367 3373 435 3417 non
462 3351 544 3422 alios
571 3379 640 3423 ease
668 3383 780 3446 qnam·
795 3383 867 3445 eos,
895 3359 951 3447 qui
972 3364 1090 3447 quim,
1123 3380 1277 3448 oppressa
1300 3381 1323 3424 a

156 3507 161 3513 .
259 3452 507 3542 Peloponnesiis
527 3458 640 3548 populi
659 3460 829 3547 libertate,
862 3461 998 3548 triginta
1018 3476 1237 3554 tyrannorum
1250 3460 1324 3525 ad·

210 3609 216 3620 .
259 3557 383 3649 jutores
412 3577 449 3620 ac
476 3556 622 3626 ministri
650 3563 809 3643 fuissent,
839 3576 967 3652 postea,
997 3577 1184 3650 recuperata
1214 3561 1328 3627 liher-

206 3671 210 3677 '
250 3671 344 3760 tate,
377 3679 543 3728 unacum
573 3661 708 3750 triginta
729 3663 812 3731 viris
843 3687 881 3730 ac
902 3663 1096 3730 decemviris
1122 3663 1158 3728 in
1179 3661 1347 3742 Piraeeo¹

260 3756 442 3852 constitutis
463 3760 503 3830 ab
525 3763 683 3831 amnestia
704 3765 832 3856 enclasi
852 3763 971 3852 eiust),
1005 3777 1042 3829 ut
1060 3762 1242 3833 verisimile
1264 3763 1328 3844 sit,

262 3883 317 3929 eos
337 3863 628 3953 postea'snpplicio
650 3867 878 3938 esaeaffectos.
923 3865 1125 3952 Quodsi'hos
1146 3865 1235 3954 ipsos
1255 3865 1330 3932 hoc

205 3983 208 3990 ’
261 3961 335 4070 loco
356 3961 523 4050 designari
542 3979 721 4034 statuamus
728 4015 739 4052 ,
767 3967 938 4036 dimissum
959 3990 1029 4036 esee
1049 3990 1069 4034 a
1088 3989 1217 4034 carcero
1231 3964 1331 4034 cna-

93 4275 96 4285 !
228 4157 233 4166 ι
298 4179 390 4270 ¹),Ite¹
410 4198 459 4256 his
477 4197 516 4256 cf.
534 4201 884 4275 Xenoph.11ellen.111.
910 4205 1000 4274 aas.
1034 4204 1152 4264 Andoc.
1171 4203 1209 4260 da
1226 4201 1334 4278 myst.

331 4295 361 4357 ρ’.
380 4285 482 4346 43ι17.
517 4287 626 4344 Maior.
644 4290 683 4347 da
699 4292 770 4346 bon.
789 4292 890 4346 damn.
907 4307 939 4363 p.
957 4285 1038 4348 1890'
1081 4335 1089 4372 3
