2846 4832
254 353 325 426 aa
500 417 510 432 ,
612 346 965 426 memnonem

342 522 400 590 roi
419 516 518 604 νόμον
536 513 713 596 nitidante
731 556 786 588 -.
813 517 899 588 Vid.¹
916 517 1065 595 Buuseu.
1085 543 1129 614 pf
1142 524 1197 594 16.

343 622 381 710 d.
403 623 457 690 26.
478 621 528 688 dri
548 619 653 709 ῥηταῖς
673 618 824 706 ἐσήγαγε.
866 621 955 701 Usus
975 636 1025 690 est
1044 624 1110 706 hoo
1138 625 1212 692 loeo
1233 625 1314 706 (iam

258 725 327 796 sius
348 721 474 813 dejur.
496 723 571 792 her.
591 722 611 791 1
639 747 675 812 p.
696 723 762 790 319
787 736 827 790 ut
850 723 1027 812 probaret,
1062 725 1162 794 etiam
1182 726 1314 796 Athonis

193 907 198 914 ι
257 827 379 898 nothos
403 824 575 910 legitimari
599 823 749 907 lienium
786 823 1038 908 legatarum
1063 825 1154 895 enim
1174 828 1260 895 haue
1283 829 1316 896 iu

257 930 453 1020 phratorum
480 927 596 994 album
622 923 874 1020 inseriptionem
899 927 1165 996 commodissime
1185 929 1316 1018 dixeris,

256 1053 343 1120 quae
361 1045 464 1116 quum
490 1041 606 1111 antea,
636 1027 830 1112 obloquente
858 1025 1010 1116 legitimo
1030 1027 1118 1116 tilio,
1150 1031 1317 1121 aphrato·

257 1131 352 1200 ribus
379 1143 528 1200 reeussta
555 1141 660 1212 esset,
694 1149 784 1194 uuuo
808 1125 888 1214 illo,
919 1151 1118 1216 quamquam
1135 1131 1316 1218 ,sult‘eertis

235 1231 457 1323 ¹quibusdam
476 1227 745 1310 condicionibus,
776 1228 1000 1296 consentiente
1019 1230 1239 1320 permittitur,
1264 1259 1318 1302 ue·

257 1358 322 1424 que
342 1333 385 1400 ab
400 1348 531 1400 oratore
544 1345 660 1398 eontra
680 1331 772 1418 leges
785 1330 842 1406 vel
857 1329 1139 1400 aPhiloetemoue
1159 1357 1316 1424 concesse,

256 1436 315 1506 vel
334 1458 355 1501 a
383 1432 594 1524 phratoribua
622 1432 784 1522 permissu
812 1453 882 1499 esse
904 1430 1046 1503 dieitur..
1078 1432 1192 1522 Neque
1213 1451 1319 1506 tamen

257 1535 393 1625 quosvis
406 1535 454 1602 ita
470 1531 608 1602 inscribi
619 1532 765 1624 potuisse
786 1531 997 1600 manifestum
1013 1548 1074 1602 est.
1115 1533 1204 1604 Nam
1224 1562 1319 1626 quom

256 1637 398 1708 Periclia
411 1638 486 1720 lex,
512 1649 586 1725 post
601 1637 643 1704 ab
660 1635 900 1725 Aristophouta
913 1634 1070 1724 repetita,
1094 1636 1228 1705 civitate
1245 1664 1319 1730 pro-

255 1741 389 1810 hiberet
402 1759 534 1820 omues,
564 1735 704 1824 quinon
722 1751 861 1824 utroque
875 1750 1010 1826 parente
1024 1737 1097 1805 cive
1113 1738 1185 1812 uati
1204 1755 1318 1827 esseut,

258 1841 344 1927 (vid.
365 1837 484 1906 Μαῖαν.
506 1836 547 1903 de
573 1838 654 1906 bon.
677 1839 788 1906 damn.
814 1861 849 1928 p.
871 1840 916 1904 70
934 1839 1000 1926 sq.)
1024 1862 1080 1906 eos
1102 1856 1211 1926 certe,
1242 1865 1318 1929 quos
1405 1871 1406 1884 ¹

255 1940 332 2030 quis
352 1966 371 2009 e
391 1938 568 2030 peregriua
596 1939 810 2028 suscepisset,
840 1939 934 2007 nullo
954 1940 1053 2007 modo
1082 1939 1119 2008 iu
1139 1941 1320 2032 phratriem

238 2041 363 2130 ,recipi
377 2039 512 2110 licuisse
527 2054 678 2130 apparet,
706 2040 825 2131 quippe
835 2065 938 2129 quum
951 2041 1117 2110 civitatem
1138 2043 1204 2110 hoe
1224 2045 1319 2113 modo

120 2223 126 2236 ἱ
182 2172 189 2186 ·
256 2142 388 2212 uaoturi
412 2141 563 2214 fuissent.
611 2141 734 2246 'ltaque
765 2157 853 2210 recte
875 2141 1017 2212 Meierus
1038 2143 1079 2228 de
1101 2144 1174 2212 ord.
1195 2145 1264 2238 jud.
1286 2171 1318 2237 p.

257 2244 336 2323 XX
350 2269 465 2312 eoram
492 2259 640 2329 tantum,
678 2242 736 2331 qui
763 2258 1053 2332 matremquoque
1085 2246 1193 2315 civem
1220 2249 1317 2317 habe

255 2335 349 2433 rent,
379 2344 656 2434 legitimatiouem
679 2345 769 2436 patri
794 2368 980 2414 conoessum
1006 2345 1109 2414 fuisse
1135 2349 1267 2435 statuit,
1292 2348 1321 2417 si

257 2448 391 2538 quidem
417 2447 447 2514 oi
473 2447 625 2532 ἅγχιστεῖς
648 2447 881 2520 consentirent.
906 2444 1029 2536 ,Atqui
1048 2448 1178 2535 Alcen,
1204 2452 1321 2542 quippo
1404 2505 1405 2520 ,

254 2549 467 2634 libertinam,
503 2549 611 2628 civem
642 2573 709 2616 uon
734 2549 836 2622 inisse
863 2564 1013 2640 apertum
1043 2565 1105 2618 est.
1146 2552 1321 2620 ‘Nimirum
1404 2543 1405 2554 ³

253 2653 485 2722 dissimulabat
513 2650 671 2720 Enetemo
698 2653 785 2721 haue
816 2652 911 2742 pueri
939 2651 1035 2720 istius
1065 2667 1207 2732 matrem
1239 2678 1320 2740 ease,

253 2777 363 2843 neque
382 2752 463 2844 ipsis
483 2753 692 2844 phratoribus
713 2755 777 2822 hoo
795 2753 843 2822 ita
864 2768 1066 2844 compertum
1087 2770 1174 2842 erat,
1205 2771 1245 2822 ut
1269 2756 1323 2822 in·

252 2853 469 2946 scriptionem
490 2847 662 2945 propterea
681 2870 887 2940 recusarent,
907 2855 1091 2923 tacentibus
1112 2857 1321 2946 praesertim,

257 2980 399 3048 quorum
418 2957 566 3025 maxime
591 2955 767 3042 intererat,
793 2957 1044 3026 Philoctemone
1064 2959 1246 3048 ceterisque
1267 2983 1322 3026 oo-

257 3059 402 3149 guatin-
425 3057 523 3146 Quod
537 3071 647 3125 autem
658 3056 838 3126 Platuerus
854 3055 1008 3151 Symbol.
1029 3059 1072 3156 ad
1092 3058 1124 3128 l.
1138 3059 1186 3128 A.
1207 3085 1243 3152 p.
1260 3063 1323 3128 12⁰

256 3165 397 3232 sonasse
423 3183 467 3226 ue
496 3158 560 3226 hoe
587 3158 720 3246 quidem
745 3161 956 3252 phratoribus
986 3178 1189 3252 compartum
1217 3163 1323 3230 fuisse

254 3264 355 3350 dicit,
377 3259 517 3330 nothum
538 3281 611 3328 esse
623 3284 782 3351 puerum,
803 3277 835 3332 ot
851 3261 891 3332 0.
903 3262 970 3331 Od.
978 3261 1157 3332 Muellerus
1178 3263 1323 3332 iuDiar.

253 3355 428 3450 ‚Geet'tinffl
451 3383 483 3454 a.
505 3361 591 3428 1827
616 3386 672 3431 uo.
693 3364 738 3431 80
757 3389 791 3455 p.
812 3364 877 3460 800
905 3387 967 3454 pro
987 3363 1141 3452 legitimo
1158 3366 1193 3434 h.
1217 3391 1255 3436 ας
1269 3366 1326 3458 ju·

257 3469 318 3538 stis
344 3460 469 3554 nuptiis
497 3479 668 3554 procreato
697 3489 774 3532 eum
798 3464 996 3556 inscriptum
1026 3491 1097 3561 eoae
1116 3467 1254 3554 statuit,
1287 3467 1325 3534 id

256 3565 366 3652 mihi,
394 3579 499 3632 totam
534 3566 675 3636 oratoris
705 3566 932 3636 narrationem
966 3584 1116 3636 accurata
1139 3567 1326 3658 reputanti,

256 3691 376 3765 parum
391 3665 550 3734 eredibile
564 3666 674 3737 videri
688 3668 813 3754 fateor,
840 3685 872 3736 et
885 3668 1009 3739 Gausie
1019 3669 1130 3761 potius
1144 3670 1325 3738 assentior.

342 3765 397 3846 οὕς
416 3771 520 3846 oveti
540 3765 709 3856 διαρρήδην
725 3765 968 3858 μεμαρτύρηκας
979 3809 1040 3852 ,-.
1058 3771 1113 3840 Da
1123 3773 1329 3862 pronomine

256 3873 300 3942 ad
326 3869 506 3950 remotiora
530 3870 668 3938 uomina
693 3873 798 3950 relato
825 3872 897 3941 vid.
928 3872 1061 3943 Sabaei.
1083 3873 1212 3965 Appar.
1247 3875 1329 3942 orit.

257 3975 290 4043 V
310 4001 345 4068 p.
366 3973 442 4044 tta.
483 3971 569 4041 Mox
587 3973 641 4038 καὶ
661 3988 737 4042 aute
748 3971 959 4063 κληρονόμους
980 3975 1107 4045 excidit
1117 3965 1330 4069 typographi

256 4080 310 4150 uul
333 4102 365 4147 a.

260 4245 284 4256 .,
310 4095 380 4268 Pd·
394 4171 489 4254 tut
510 4171 660 4263 κηδεστὴς
673 4177 815 4282 Χαιρέας
834 4210 887 4248 -ι
907 4178 1098 4254 Notandum
1118 4177 1209 4250 idam
1219 4204 1331 4278 voea-
