2824 4844
342 389 406 459 DE
427 385 635 462 HAGNIAE
655 389 973 464 HEREDITATE.
1122 398 1190 468 aot

50 543 79 644 ,³
124 558 193 650 jud·
215 583 249 650 p·
264 561 347 628 723.
378 558 527 628 Platuer.
549 523 641 650 KP·
663 559 739 629 315.
792 560 911 630 Paullo
942 565 1037 653 plura
1057 566 1099 632 de
1121 568 1182 634 hau

123 662 194 748 ipsa
224 661 283 728 lite
308 677 486 732 narrantur
516 685 535 728 a
556 661 780 729 Demosthene
800 679 860 731 ctr.
883 664 1019 732 Macurt.
1041 691 1074 754 p.
1099 668 1192 736 1052

124 786 191 851 sq.,
222 763 312 829 unde
332 763 487 837 discimus
514 777 626 845 contra
648 762 916 854 Phylomaohen‚
949 765 1122 834 Eubulidis
1143 772 1183 836 fi-

123 864 220 949 liam,
252 877 381 954 praeter
406 861 558 952 Hagnia'e
591 879 750 948 matrem,
781 864 873 956 cnjus
902 863 1013 933 lsaeus
1043 868 1182 936 mentio-

124 989 200 1031 nem
225 965 325 1049 lacit,
364 965 603 1034 Demosthenes
631 965 769 1045 omittit,
804 983 899 1053 atque
929 967 1182 1056 Theopompum

122 1077 270 1134 nostrum
290 1066 423 1158 petiisse
441 1066 541 1132 edam
554 1066 760 1134 Glauconem
777 1063 910 1154 eiusque
930 1070 1065 1134 l'ratrem
1079 1070 1182 1137 Glau*

123 1191 197 1232 cnm
218 1183 317 1255 etque
335 1167 438 1234 allum
469 1167 631 1256 quendam
650 1173 713 1234 τῶν
732 1167 924 1252 ἔπιτηδιῖωιι,
951 1167 1181 1258 Eupolemum.

123 1268 184 1335 llis
199 1268 350 1336 omnihus
363 1283 515 1356 quattuor
528 1269 652 1336 sitellas
664 1267 786 1358 positae
796 1270 897 1336 luisse
910 1269 989 1336 dicit
1000 1293 1036 1358 p.
1050 1271 1144 1354 1053,
1159 1275 1182 1336 3

123 1393 218 1458 quem
239 1393 414 1437 numerum
435 1371 491 1458 qui
519 1385 712 1461 corruptum·
729 1392 800 1437 esse
821 1383 853 1436 e't
882 1370 968 1435 πέντε
994 1395 1054 1460 pro
1074 1369 1182 1436 τεττά-

123 1495 185 1554 ρων
205 1471 451 1540 rescribendum
472 1471 692 1556 crediderunt,
719 1471 817 1538 Petit.
839 1470 910 1538 LL.
924 1473 995 1540 Ass.
1018 1470 1130 1560 pelea
1150 1489 1182 1538 et

123 1572 270 1640 Platner.
293 1574 320 1640 l.
341 1574 387 1657 1.,
416 1572 475 1639 hos
497 1597 560 1660 ego
579 1571 850 1639 inconsideratius
871 1572 1042 1666 judicasse
1052 1597 1179 1640 censeo.

122 1675 246 1762 Nempe
267 1689 495 1763 computarent
515 1674 552 1740 hi
573 1699 629 1740 eos
650 1673 705 1760 qui
727 1673 1181 1741 aDemosthenessnontinan·

122 1791 194 1859 tur,
221 1776 278 1863 qui
297 1800 373 1842 sane
391 1790 467 1841 sunt
488 1790 657 1862 quattuor,
689 1775 793 1862 iisque
810 1775 958 1863 quintam
984 1775 1182 1850 adnumera·

122 1871 199 1944 runt
211 1877 460 1969 Phylomachen
477 1876 713 1946 adversariam.
757 1876 882 1942 Verum
905 1877 964 1946 ila·
975 1877 1073 1942 etiam
1089 1891 1182 1943 sexta

123 1979 366 2046 adnumeranda
387 1979 502 2045 fuisset
521 1975 672 2068 Hagniae
694 1991 817 2063 mater,
845 1977 923 2044 licet
943 1977 1041 2066 hujus
1056 1977 1182 2045 Demo·

123 2081 272 2164 sthenes,
302 2103 372 2146 rem
403 2081 537 2148 brevius
558 2080 803 2169 perstringens,
836 2079 956 2146 diserte
976 2101 1043 2145 non
1064 2079 1183 2150 merui·
1260 2133 1263 2146 .

123 2181 230 2263 nerit;
267 2203 344 2246 narn
371 2181 605 2268 huncquoque
626 2179 740 2247 eodem
769 2178 891 2272 judicio
919 2196 1032 2246 contra
1053 2179 1182 2271 Phyto

123 2284 262 2348 macheu
290 2296 322 2347 et
347 2296 471 2348 ceteros
491 2283 534 2348 ‹le
551 2281 618 2348 lilii
635 2281 686 2348 sui
713 2280 890 2348 hereditate
911 2295 1049 2346 certasse
1066 2298 1181 2347 nostra

124 2384 229 2450 oratio
258 2382 471 2449 demonstrat.
521 2383 610 2468 Quid
637 2384 766 2471 igitur?
796 2405 876 2447 num
897 2383 981 2447 sorte
1006 2378 1041 2456 ‘de
1061 2383 1182 2451 rescri-

122 2485 267 2551 bendum
287 2499 439 2572 putamus
458 2507 520 2570 pro
540 2482 718 2567 ιειιάρωνῖ-
748 2481 886 2550 Minime
901 2483 935 2548 id
956 2482 1105 2568 quidem,-
1125 2487 1182 2548 sed

123 2609 241 2652 sanum
261 2601 356 2679 atque
382 2586 609 2674 incorruptum
630 2586 862 2652 Demosthenis
883 2587 992 2650 locum
1013 2606 1083 2650 esse
1103 2605 1182 2648 con·

123 2688 234 2754 tendo.
276 2687 379 2754 Nam
383 2689 448 2754 hoc
467 2687 599 2780 quidem
620 2686 701 2753 setis
718 2687 925 2776 perspicuum
946 2699 1012 2794 est,¹
1040 2684 1182 2751 Glauco·

124 2788 177 2888 ¹nis
204 2803 235 2854 et
263 2777 382 2855 Glauci
401 2811 532 2854 causam
559 2785 766 2876 conjunctam
792 2789 911 2866 luisse,
936 2785 1050 2873 quum
1078 2787 1196 2852 frates.

122 2903 261 2992 uterque
289 2907 374 2956 esset
393 2889 545 2978 Hagniae
572 2888 742 2971 uterinus,
770 2913 965 3006 quamquam
987 2902 1097 2954 utrum
1119 2888 1183 2952 hoo

123 2983 261 3058 analio
277 2991 429 3080 quopiam
457 2989 561 3062 titulo
576 2989 793 3056 hereditatem
813 2985 985 3078 petierint,
1016 3011 1083 3054 non
1105 3011 1183 3054 con

122 3107 198 3158 atat.
205 3091 239 3177 *J
282 3093 501 3210 Eupolemum
521 3107 628 3158 autem
651 3085 746 3156 sihi
735 3091 811 3180 tpsi
809 3088 1033 3162 hereditatem
1051 3090 1184 3179 petiisse

80 3209 84 3216 '
121 3217 163 3258 ac
184 3215 251 3257 non
278 3195 386 3281 potius
406 3194 483 3264 illos
504 3197 559 3262 vel
587 3191 776 3259 testimonio
794 3213 854 3258 suo
875 3192 928 3257 vel
956 3191 1104 3256 oratioue
1125 3191 1184 3254 ad·

119 3293 264 3385 juvisse,
301 3293 386 3358 nillil
414 3311 462 3360 est
490 3295 577 3381 quod
609 3295 740 3360 credere
772 3292 916 3359 suadeat.
969 3290 1082 3380 lta'que
1103 3290 1183 3356 duas

120 3409 252 3462 tarnum
279 3393 437 3469 hahemus
467 3397 551 3485 apud
573 3395 830 3487 Demosthenem
856 3391 1027 3482 petitiones
1056 3393 1184 3484 Phyle

120 3496 261 3562 machao
282 3495 464 3593 oppositas,
499 3499 634 3563 alteram
655 3479 883 3586 Theopompi,
912 3494 1048 3560 alteram
1080 3495 1184 3562 Glcn

120 3595 216 3662 conis
237 3613 269 3661 et
290 3595 427 3679 Glauci}
462 3597 557 3662 tertia
576 3599 638 3664 suit
657 3599 813 3687 Hagnlae
829 3594 955 3662 matris.
998 3593 1063 3662 His
1081 3579 1185 3682 igltnr

120 3695 153 3764 ai
176 3697 467 3765 annumeramus
455 3721 559 3787 ipsam
580 3693 851 3790 Phyloniaclsen,
879 3711 1013 3788 apparet
1034 3711 1185 3783 quattuor

120 3797 249 3864 uitellos
277 3801 443 3888 ponendas
468 3799 582 3866 luisse.
604 3835 647 3851 --
685 3799 838 3870 Getarum
865 3801 943 3868 citat
964 3813 1112 3866 nostrum
1133 3801 1184 3866 lo·

36 3971 37 3978 ¹
119 3919 202 3964 cum
223 3899 440 3989 Harpocratic
461 3927 496 3972 v.
517 3901 670 3977 sadduceos.
718 3946 723 3956 ι

38 4085 40 4124 z
158 4071 188 4140 ⁰)
204 4073 388 4130 Glauconem
413 4070 503 4127 etiem
528 4077 596 4128 ante
618 4047 694 4128 lianc
716 4043 800 4126 litem
822 4045 1020 4130 hereditatem
1037 4085 1076 4126 ex
1094 4074 1184 4125 testa·

38 4135 42 4266 t

40 4269 44 4316 l

192 4164 294 4211 mento
319 4156 460 4230 petiisse,
483 4157 537 4214 sed
555 4142 754 4232 victumes'sc
777 4156 1014 4228 aPhylounache
1032 4160 1062 4210 et
1083 4156 1184 4209 Isaeus
1285 4155 1289 4165 “
1328 4155 1332 4164 ’

191 4249 295 4296 narrat
320 4243 348 4312 ξ.
367 4244 385 4297 9
408 4249 436 4296 st
461 4235 781 4312 ne1n0stt1.'p.1oot‚
805 4241 847 4294 tt.
887 4241 924 4296 ld
944 4239 1040 4310 igitur
1056 4237 1185 4294 adhuc

123 4333 130 4340 ’
192 4333 274 4395 rem,
300 4327 337 4382 de
355 4343 510 4395 quta-nunc
528 4328 662 4400 agitans,
685 4321 763 4384 nihil
780 4321 950 4458 ιιιιιὶιιιιὲθ
971 4396 985 4429 ⁰
1098 4359 1101 4364 ,
