2846 4832
357 317 421 390 ne
435 270 628 390 ¹emotus
648 317 969 420 ιιιιιιιιιιιιιι.
1080 323 1218 400 „su

28 505 31 518 ·
133 485 280 574 intelligi
300 511 415 577 posses
447 489 620 579 nepotibus
648 488 741 582 enim
768 480 846 576 evi,
875 515 943 559 nou
963 492 1111 560 fratrum·
1125 492 1205 560 filiis

78 597 86 608 '
134 589 245 678 patrui
266 588 377 656 alendi
399 590 543 657 officium
563 589 702 710 imponi.
723 629 766 642 -
788 590 942 660 Getes-um
964 617 1096 661 omnem
1117 591 1226 680 banc·

135 691 396 759 controversiam
416 689 556 759 Dioclis
576 692 734 758 instinctu
759 692 884 761 motam
916 719 1076 762 essenon
1103 695 1206 762 aliam

118 794 178 859 'ob
202 816 349 877 causam,
378 817 477 880 quam
498 807 534 860 ut
554 792 610 859 bic
633 791 765 860 Cironis
787 796 915 914 bonis,
933 820 1073 885 quorum
1094 797 1206 864 maxi·

131 917 224 960 mam
238 910 366 983 partem
381 893 448 986 jam
467 909 541 962 ante
555 894 711 963 avertent
717 941 729 980 ,
751 921 839 963 nunc
855 897 1022 966 universis
1033 897 1205 989 potiretur,

135 994 258 1084 exigue
274 996 383 1083 eliqua
396 997 557 1088 particula
574 997 776 1082 edversario,
797 999 910 1066 fratris
922 1000 1009 1080 filio,
1032 1021 1203 1073 concessa:

134 1121 214 1164 nem
234 1123 277 1165 ne
297 1098 454 1166 adversus
470 1099 558 1165 bunc
579 1098 886 1185 quidem‘quantum
902 1100 1054 1188 relictum
1068 1102 1111 1169 sit
1124 1126 1206 1191 pro·

67 1235 69 1242 v
105 1216 110 1222 '
133 1199 223 1266 iiteri
242 1197 414 1286 Dioclem,
444 1200 503 1268 sed
530 1198 617 1265 nibil
647 1199 825 1267 admodum
845 1201 999 1268 relictum
1021 1225 1090 1284 esse
1110 1228 1206 1270 men·

133 1300 212 1383 tiri,
229 1291 319 1368 ¹sicut
339 1301 438 1368 etiam
459 1301 616 1370 adversus
636 1323 671 1368 ee
693 1316 787 1368 entea
808 1303 964 1369 mentitus
985 1303 1048 1385 sit,
1074 1320 1206 1395 propte·

134 1427 256 1490 reaque
282 1417 429 1494 sumptus
449 1402 487 1470 in
508 1403 607 1468 {unus
628 1403 749 1488 sectos,
784 1403 880 1490 qussi¹
900 1402 939 1470 de
962 1428 1022 1471 suo
1044 1421 1206 1494 erogatos,

134 1506 229 1572 reddi
243 1504 309 1572 sibi
322 1501 556 1594 postulaverit,
586 1528 625 1570 ac
642 1519 754 1602 postea
771 1506 812 1570 ab
834 1504 894 1572 illo
917 1507 1021 1572 altero
1042 1506 1108 1574 sibi
1128 1507 1206 1574 red·

135 1607 221 1672 ditos
249 1630 319 1678 esee
344 1604 573 1690 simulaverit,
611 1629 677 1694 quo
704 1594 830 1672 scilicet
851 1630 906 1702 se,
938 1623 1112 1695 nepotem,
1145 1633 1206 1675 ex-

135 1709 299 1796 cluderet,
328 1723 370 1774 ne
384 1697 586 1775 videretur'
574 1732 609 1772 ιιι
633 1731 689 1775 avt
679 1701 912 1798 sepulturam
929 1709 1108 1796 quidquem
1126 1734 1207 1777 con·
1235 1709 1238 1722 ’

134 1809 261 1878 tulisse.
306 1806 350 1876 Se
367 1824 475 1906 tamen
498 1808 635 1897 impiam
656 1806 749 1875 illius
765 1808 928 1876 malitiam
949 1811 1103 1896 elusisse,
1131 1836 1205 1878 mo·
1209 1803 1212 1810 ¹

134 1927 293 1978 numento
325 1909 408 2005 satis
425 1900 642 2000 splendido'
629 1933 665 1977 ιιι
691 1912 818 1977 tumulo
845 1911 900 1980 avi
930 1912 999 1979 suis
1021 1913 1205 2003 sumptibus
1245 1946 1249 1951 ¹
1296 1909 1304 1960 f

134 2012 255 2104 posito.
281 2011 461 2099 -Neque
487 2005 569 2081 vero
604 2011 729 2080 mirum
767 2036 838 2080 esse
866 2027 934 2079 tam
961 2013 1084 2106 injusta
1110 2030 1206 2102 atque

135 2115 263 2181 nelarie
279 2113 434 2180 Dioclem
446 2113 577 2199 conari,
605 2112 724 2204 quippe
745 2113 802 2202 qui
822 2139 882 2205 per
895 2139 995 2214 omne
1011 2116 1100 2184 vitae
1121 2133 1205 2184 tem·
1237 2139 1239 2144 ·

135 2240 196 2334 pus
219 2214 310 2284 omni
330 2215 513 2302 nequitiae,
529 2209 757 2304 'turpitudinis
785 2230 817 2281 et
837 2214 1063 2307 impudicitiae
1085 2241 1205 2335 genere
1310 2243 1317 2262 t
1339 2291 1343 2298 ,

134 2318 326 2405 inquinatus
353 2316 415 2399 eit3
449 2339 513 2403 quo
540 2315 652 2382 minus
682 2318 781 2382 etiem
808 2315 974 2406 jndicibus
997 2319 1206 2397 committeu-

136 2421 217 2486 dum
247 2417 335 2501 ess'e,
364 2431 401 2484 ut
427 2418 528 2484 talem
555 2414 726 2518 bominem
748 2415 867 2484 alienis
895 2419 990 2484 bouis
1012 2434 1126 2504 contre
1152 2419 1206 2512 jus

135 2523 249 2608 fasque
269 2519 387 2638 potiti,
419 2543 454 2586 se
482 2533 591 2584 autem
611 2539 678 2584 ιιοιι
705 2517 887 2585 hereditate
909 2521 1017 2588 solum
1038 2521 1127 2588 avite
1148 2521 1211 2588 sed'

136 2622 237 2691 etiam
259 2620 391 2689 civitate
421 2618 559 2711 spoliari
589 2633 812 2726 peterentur.¹
810 2617 921 2723 Nam
942 2645 1044 2739 quum
1064 2637 1213 2690 matrem*

136 2747 231 2792 suem
252 2746 320 2792 non
346 2721 446 2789 modo
468 2719 601 2789 Gitonis
627 2713 750 2805 filiam,
780 2722 837 2788 sed
864 2713 968 2789 etiem
988 2723 1095 2789 civem
1115 2724 1206 2790 Atti·

137 2847 210 2892 cam
230 2823 332 2892 fuisse
353 2822 536 2892 adversarii
557 2836 695 2910 negent,
721 2820 780 2889 ‘his
809 2821 839 2889 si
858 2824 937 2890 fides
958 2825 1136 2918 habeatur,
1171 2849 1206 2892 se

138 2950 287 3015 quoque,
315 2926 433 3016 quippe
455 2925 512 3013 qui
532 2939 606 3016 poet
626 2923 799 2991 Euclidem
820 2927 1010 2994 anebontem
1032 2941 1129 2994 natus
1150 2925 1205 3013 sit,

76 3032 81 3036 “
137 3031 198 3120 pro
219 3027 292 3095 cive
313 3027 429 3114 baberi
448 3051 518 3095 nou
531 3026 673 3145 emplius
694 3050 802 3121 posse.

137 3195 142 3206 ,
223 3128 351 3199 lustum
371 3129 473 3196 fuisse
495 3129 614 3196 actoris
635 3129 741 3195 nostri
763 3127 1051 3220 petitionem—si
1073 3129 1220 3218 quidem

4 3265 5 3276 ι
89 3221 96 3231 ’
137 3255 217 3305 vere
245 3228 377 3298 Gitonis
406 3254 450 3298 ex
473 3231 623 3318 legitime
650 3222 720 3298 filis
747 3253 848 3318 nepos
875 3229 1003 3297 fuit—-
1023 3255 1092 3297 non
1113 3256 1205 3322 opus
1255 3314 1256 3318 Ἰ
1308 3225 1311 3232 “

82 3367 91 3386 ·
139 3347 189 3401 est
208 3320 322 3400 multis
343 3332 587 3417 demonstrare,
619 3332 718 3400 licet
718 3356 811 3401 secus
831 3331 942 3401 visum
964 3332 1008 3399 sit
1030 3333 1205 3414 Gramma·

138 3434 223 3518 tice,
258 3433 315 3522 qui
337 3449 580 3522 argumentum·
594 3435 752 3502 ofationis
774 3434 938 3523 exposuit.
983 3433 1093 3520 Quam
1116 3433 1234 3504 enim'

54 3601 58 3608 ,
139 3534 172 3602 is
194 3537 291 3601 affert
313 3535 444 3634 legem,
475 3560 557 3623 quae
587 3535 699 3629 jubeat
727 3541 955 3655 προτιμασθαι.
964 3535 1039 3612 τούς
1060 3533 1121 3601 ἀπὸ
1142 3542 1205 3602 τῶν
1292 3547 1302 3554 “

142 3633 278 3724 deditus
299 3661 362 3702 των
384 3633 444 3702 dud
465 3643 529 3702 τῶν
550 3643 701 3722 θηλειῶν,
722 3639 808 3704 benc
828 3663 897 3705 nou
918 3638 986 3705 nist
976 3637 1094 3704 'ad
1070 3645 1206 3719 ανεψιῶν

141 3753 172 3804 et
200 3733 376 3818 ἀνεψιαδῶν
403 3738 600 3806 hereditates
628 3741 793 3828 pertinere
820 3741 899 3808 satis
928 3755 1063 3808 constet.
1107 3738 1205 3810 Cous.

141 3863 191 3906 or.
214 3839 425 3928 deApollod.
448 3841 521 3909 ber.
545 3841 649 3929 §.tu
691 3841 832 3938 Nepotes
854 3849 964 3910 butem
985 3865 1028 3909 ex
1047 3839 1118 3938 filie
1138 3861 1225 3909 ιιοιι·
1295 3935 1302 3942 ι

139 3941 370 4028 minusquem
398 3966 442 4010 ex
461 3943 533 4010 filio
559 3943 700 4011 fratrum
719 3945 798 4010 filiis
819 3946 982 4038 praelatos
1004 3968 1074 4026 esse
1093 3944 1206 4012 ince-

139 4039 274 4128 piendisi
291 4065 430 4111 avorum
445 4043 685 4134 „hereditatibus
703 4069 805 4134 quum
825 4044 1047 4133 ipsi'neturae
1067 4067 1206 4112 consen*

140 4157 272 4211 tansum
292 4142 347 4229 sit,
369 4161 439 4227 tum
456 4145 555 4213 etiam
568 4143 759 4215 certissimis
775 4145 970 4214 testimoniis
988 4145 1206 4213 demonstrari

136 4256 256 4332 potest.
311 4243 407 4318 Cous.
428 4241 574 4324 Buusen.
597 4247 638 4316 de
665 4246 731 4339 jus.
754 4249 826 4318 ber.
855 4269 889 4335 p.
912 4248 954 4315 17
974 4271 1023 4334 sq.
1040 4260 1078 4314 'et
1096 4248 1206 4336 legcm'
