2846 4832
240 293 305 364 41⁶
396 243 403 258 ’
598 297 948 383 mommoreto
1082 301 1117 378 ·,
1191 283 1203 318 ·
1300 301 1305 316 “

242 463 299 532 hic
322 461 442 554 eliquit
468 463 508 533 ἂν
534 467 754 558 particulam,
782 493 887 556 neque
913 467 1099 555 immerito,
1132 497 1231 561 quum
1249 491 1295 544 ret

242 590 311 632 uon
331 590 410 635 vere
434 567 522 635 facta
544 569 603 652 sit,
627 570 693 637 sed
722 584 864 660 ponatur
886 585 1018 652 ,tantum
1039 586 1076 638 ut
1097 597 1179 662 quae
1199 577 1297 644 futura

243 667 365 752 iirerit,
400 667 431 734 si
457 669 591 756 quidem
617 670 752 737 omuino
781 672 847 738 tale
868 670 944 758 quid
968 671 1128 740 mandare
1146 673 1297 768 Astyphi·

241 769 296 852 lus
315 768 353 836 in
382 769 530 838 animum
557 771 754 840 induxisset.
797 769 863 838 Sed
884 772 991 839 solent
1011 787 1121 842 tamen
1142 799 1212 844 uon
1231 799 1315 857 raro·¹

242 869 360 938 Graeci
388 870 488 940 etiem
508 896 591 960 quae
616 895 730 962 reapse
751 873 963 964 hypothetice
983 874 1181 962 proferenda
1204 890 1297 960 eraut,

240 969 288 1037 ita
322 971 443 1059 eloqui
462 986 499 1039 ut
538 970 721 1040 certissima
751 989 785 1038 et
820 975 1058 1063 propemodum
1092 1000 1172 1043 vere
1205 978 1298 1063 saco,
1340 985 1347 1004 ⁶

241 1069 362 1140 ernisto
399 1072 602 1143 condicionis
632 1073 890 1162 significatione3
929 1077 1161 1162 quamobrem,
1208 1103 1298 1196 quum
1335 1075 1338 1084 ’

241 1154 435 1240 indicativis
454 1174 706 1263 praeteritorum
718 1173 951 1264 saepenumero
968 1191 1102 1243 utantur
1122 1178 1194 1245 sine
1207 1178 1299 1268 parti·

241 1275 335 1356 cula,
371 1272 458 1340 nihil
486 1275 592 1342 obstat
618 1299 682 1363 quo
708 1276 818 1342 minus
847 1275 945 1343 etiam
975 1277 1158 1367 participiis
1186 1280 1234 1346 ita
1260 1277 1300 1346 uti

240 1372 384 1462 potuisse
395 1375 622 1444 concedamus.
667 1373 838 1466 Quippe
813 1401 891 1444 ωσιε
905 1377 1089 1461 διαθέμενον
1105 1393 1212 1468 potest
1232 1401 1300 1446 sane

241 1476 437 1542 commutari
465 1501 539 1565 cum
562 1476 641 1544 ὥστε
667 1479 806 1556 διέθετο,
842 1493 874 1544 et
892 1477 954 1543 hoc
980 1477 1113 1564 quidem
1133 1496 1224 1548 recte
1243 1477 1301 1547 dici

242 1577 406 1644 docebunt
427 1600 509 1664 quae
532 1579 701 1646 attulimus
723 1578 763 1644 ad
785 1602 836 1646 or.
859 1577 899 1646 de
922 1576 1037 1645 (ileon.
1058 1580 1130 1646 her.
1154 1581 1192 1669 ἦ.
1216 1582 1258 1650 46
1276 1595 1302 1649 et

146 1739 149 1746 .
242 1676 283 1743 de
303 1676 447 1744 Nicostr.
476 1680 548 1746 her.
572 1679 610 1767 ἦ.
634 1680 687 1746 11.
734 1678 926 1747 Notandum
954 1695 1063 1747 autem
1084 1682 1148 1747 hoc
1169 1705 1301 1770 quoqne,

241 1778 454 1868 participium
476 1778 575 1845 etiam
586 1796 660 1869 post
680 1777 758 1846 ὥστε
779 1781 923 1870 positum
945 1804 1014 1848 esee
1035 1797 1170 1872 propter
1183 1807 1303 1870 acqua·

241 1880 403 1945 bilitatem
433 1882 658 1948 membrorum
689 1881 772 1948 οὕτω
802 1887 957 1965 μισοῦντα
962 1929 973 1962 ,
1005 1880 1083 1948 ὥστε
1114 1883 1303 1967 διαθέμενον,

241 1980 412 2067 utparitcr
427 1996 602 2069 utrumque
619 1999 731 2072 aptum
744 1982 786 2050 sit
804 1984 936 2051 averbo
953 1983 1090 2060 ἐπιδείξω
1095 2028 1107 2063 ,
1127 2007 1188 2073 per
1208 2009 1305 2072 qnan-

241 2082 319 2148 dam
339 2082 584 2168 attractionem,
613 2083 882 2171 quaeReiskiom
902 2083 1035 2172 quidem
1056 2085 1137 2150 adeo
1160 2085 1304 2167 offendit,

241 2198 277 2250 ιιι
298 2182 560 2252 emendationem
586 2186 793 2276 proposuerit
819 2185 1028 2278 hujusmodi:
1062 2182 1141 2250 ὥσιὲ
1170 2184 1251 2252 πολι)
1271 2184 1304 2268 δὴ

243 2289 362 2354 θᾶττον
389 2286 591 2370 decoloratos,
622 2315 659 2370 μ.
691 2312 725 2354 π.
748 2311 778 2354 τ.
809 2284 835 2353 ἕ.
856 2312 885 2355 o.
917 2287 946 2352 δ.
970 2289 1012 2353 11.
1002 2330 1033 2365 .,
1060 2286 1179 2368 μέλλειν
1210 2279 1306 2352 τελει-

241 2390 319 2466 τᾶν,
349 2384 445 2470 ἢτόν
466 2384 578 2454 τούτου
599 2394 730 2453 κτλ.-
756 2388 809 2456 De
830 2393 1015 2488 θᾶπρν-
970 2391 1153 2472 -μᾶλλιν
1173 2389 1247 2456 vid.
1269 2389 1305 2455 ad

242 2511 297 2606 οι..
316 2487 357 2554 de
379 2486 495 2556 cleon.
529 2491 601 2556 her.
625 2495 658 2569 θ.
681 2489 736 2573 43,
768 2505 801 2556 et
823 2489 894 2556 de
882 2513 954 2577 ipsa
975 2513 1011 2556 re
1032 2512 1133 2578 supro
1152 2489 1193 2554 ad
1219 2491 1256 2579 ἦ.
1277 2488 1305 2556 4.

283 2589 363 2677 ἦ.
387 2590 440 2657 17.
473 2590 525 2657 καὶ
551 2588 650 2676 oritur
677 2589 772 2658 αὐτὸν
801 2593 993 2674 διατιθηναι.
1042 2587 1177 2658 Poterat
1198 2593 1306 2681 paullo

242 2690 435 2759 concinnius
450 2705 506 2774 aut
526 2691 571 2756 ita
588 2691 708 2759 scribi:
737 2689 845 2758 ναὶ“
809 2716 908 2769 ουτως
930 2689 1025 2756 αυτὸν
1047 2692 1223 2772 διαθεῖναι,
1246 2716 1308 2758 nou

241 2807 367 2858 mutato
386 2790 544 2876 infipitivi
566 2791 729 2885 subjecto,
762 2807 818 2860 ant
838 2794 905 2862 ita:
944 2794 995 2858 nai
1018 2789 1117 2885 uiroc
1137 2794 1253 2870 ἐκὲΐνος
1278 2788 1305 2878 (ὃ

181 2955 185 2962 ,
242 2890 462 2980 Εὐθυκράτης)
484 2894 684 2976 διατεθῆναι,
711 2908 749 2960 ut
769 2895 805 2960 in
825 2896 889 2962 hoc
910 2899 1038 2982 quoque
1052 2895 1204 2961 membro
1227 2896 1309 2964 sicut

122 3035 127 3044 ·
241 2995 277 3059 in
299 2995 468 3082 superiore
501 2992 725 3062 nominativus
753 3019 820 3062 non
847 2996 1052 3063 accusativus
1079 2995 1222 3086 subjecti
1252 2996 1308 3062 ad·

243 3094 375 3163 deretur
394 3094 584 3176 infinitiv03
613 3095 711 3162 sed
691 3121 758 3163 non
779 3120 855 3164 rara
878 3113 926 3164 cst
947 3097 1023 3164 talis
1044 3111 1229 3163 structurae
1252 3119 1309 3164 va·

242 3196 341 3266 riatio
363 3195 448 3287 apud
470 3194 617 3284 optimos.
633 3220 777 3285 quosque
799 3197 985 3290 scriptores.
1030 3194 1084 3264 Gi.
1099 3198 1186 3265 Plat.
1201 3196 1308 3264 Char·

241 3299 322 3365 mid.
346 3296 384 3384 §-
406 3302 445 3364 2.
480 3297 533 3362 roi
559 3296 623 3381 μὴν
650 3297 794 3384 ἤγγελταί
817 3324 850 3384 γε
875 3295 894 3383 ἦ
921 3297 1007 3382 μάχη
1029 3285 1140 3384 ἰσχυρὰ
1160 3299 1310 3384 γεγονέναι

242 3424 294 3464 και
285 3395 447 3473 πολλοὺς
467 3395 646 3466 ἀποθανεῖν.
685 3424 747 3487 quo
770 3402 922 3491 exemplo
942 3423 1021 3466 usus
1028 3415 1090 3468 est
1111 3399 1212 3466 etiam
1225 3399 1310 3466 Mat·

110 3573 116 3582 ,
241 3500 370 3568 thiaeos
391 3523 444 3585 gr.
467 3497 526 3567 Gr.
549 3527 581 3591 p.
599 3503 692 3570 1057.
707 3539 750 3554 -
770 3502 852 3570 Mox
874 3499 969 3567 αὐτὸν
990 3516 1066 3568 ante
1087 3497 1309 3584 ἀσθενήσαντι

154 3635 156 3644 ι
242 3601 389 3667 additum
409 3615 458 3668 est
469 3625 547 3670 saue
560 3620 690 3694 praeter
701 3605 944 3688 necessitatem,
963 3625 1068 3689 neque
1083 3616 1196 3670 tamen
1213 3623 1310 3691 prae·

241 3717 292 3768 ter
304 3701 391 3767 isaer
407 3705 687 3773 cousuetudinem.
692 3703 813 3794 Gens.
827 3709 868 3773 ad
888 3729 938 3773 or.
952 3695 992 3771 de
1007 3702 1122 3772 enon
1138 3704 1213 3770 her.
1228 3703 1307 3790 §.u

326 3803 362 3891 ἦ.
381 3805 433 3872 18.
456 3808 508 3871 καὶ
526 3805 720 3906 Ἀραφηνίωι
742 3833 794 3872 και
785 3809 986 3874 πολλοὶ-κ
1008 3804 1106 3892 Quod
1121 3803 1309 3872 Palmarins

241 3903 381 3994 conjecit
403 3905 432 3971 ci
453 3907 577 3986 πολλοί,
605 3931 672 3974 non
693 3907 825 3976 videtur
845 3906 1077 3977 necessarium.
1087 3905 1126 3995 i)
1178 3905 1310 3995 Quippe

242 4038 449 4054 *Q—

182 4135 187 4156 ι,
276 4091 451 4160 ¹⁸.)Bekker
469 4092 549 4148 Add.
567 4111 599 4164 p.
617 4085 708 4150 ooru
709 4096 914 4150 attollendum
931 4099 1033 4166 putat,
1060 4098 1091 4148 et
1107 4107 1223 4163 ριοκαι
1180 4089 1312 4160 Ἀκιρα-

308 4195 361 4246 φην
348 4179 408 4228 otor
423 4174 599 4250 1ιιίιιι”κιρα
600 4181 713 4248 φηνιων,
684 4181 818 4236 eunde
839 4176 978 4236 extiterit
998 4178 1143 4235 librorum
1159 4175 1312 4301 scriptura

308 4262 352 4313 nat
374 4261 519 4332 ραφηνίιιν.
1093 4295 1095 4300 .
