2910 4830
371 408 768 484 nmtnclttooltttts
789 411 1131 536 flosculum
1206 423 1269 492 tot
1394 442 1397 454 ·

204 590 279 668 post
310 567 410 676 hujus
438 543 580 647 mortem
608 579 717 649 divise
753 581 841 652 inter
873 583 981 652 filium
1013 585 1204 676 adoptiuum
1237 605 1269 653 et

205 691 360 764 quattuor
386 703 517 774 sorores
547 681 693 748 defuncti
722 683 809 750 bone
829 707 890 774 per
910 685 1081 754 duodecim
1101 709 1207 755 anuos
1226 690 1268 756 eb

203 778 257 846 his
279 803 430 870 possessa
450 796 575 868 essent,
605 785 762 874 posthoc
781 800 909 875 tempus
929 800 1032 853 totam
1052 787 1268 856 hereditatem

203 882 293 948 solus
314 883 399 973 oepit
420 883 645 972 Dicaeogeues
665 884 727 966 111,
754 885 960 976 posseditque
979 909 1039 975 per
1059 887 1267 971 decennium,
1328 901 1329 910 ’
1435 847 1436 888 ³

102 1005 110 1014 ·
203 981 308 1049 donec
335 981 469 1051 tandem
495 1009 515 1052 ο
540 996 692 1054 sororum
718 986 856 1054 ἰΗοοιιοι
882 986 962 1054 liliis
985 987 1021 1054 iu
1049 985 1104 1078 jes
1129 1005 1267 1058 vocotus

88 1077 93 1084 ’
203 1098 264 1151 est.
307 1084 421 1172 ltaque
449 1085 479 1153 si
503 1087 540 1154 in
559 1087 668 1154 nobili
687 1088 746 1156 ille
768 1087 810 1155 ud
831 1084 976 1155 Gnidum
996 1111 1109 1177 pugna
1129 1087 1189 1158 Ol.
1211 1091 1266 1175 96,

203 1187 237 1270 3,
261 1205 295 1252 s.
309 1183 349 1253 O.
370 1185 436 1256 394
455 1188 680 1277 Dioueogeues
700 1189 736 1256 ll
756 1203 905 1256 mortuus
926 1202 988 1274 est,
1012 1189 1099 1256 huno
1118 1205 1266 1258 nostrum

202 1307 335 1353 causum
355 1310 423 1354 non
444 1288 504 1357 01.
526 1291 570 1358 99
590 1290 646 1358 sed
667 1289 800 1357 circiter
819 1290 877 1358 01.
900 1290 964 1356 102
982 1289 1135 1376 ineunte,
1167 1314 1201 1361 ο.
1223 1289 1263 1359 O.

84 1415 96 1428 ·
201 1388 268 1454 372
294 1403 401 1456 actem
428 1413 500 1458 esse
526 1391 706 1482 oportebit,
738 1405 863 1481 septem
891 1405 966 1481 post
989 1391 1120 1458 finitum
1140 1392 1265 1458 bellum

134 1549 137 1554 .
202 1488 407 1582 Olynthium
432 1490 552 1561 annis.¹
577 1490 718 1580 'Ooutre
742 1493 880 1560 sirecte
901 1515 949 1558 ex*
973 1492 1010 1579 ᾖ.
1031 1490 1075 1560 46
1095 1492 1265 1578 colligitur

201 1591 328 1658 hellum
349 1592 570 1686 Olynthium,
583 1664 586 1670 ,
601 1618 702 1682 quum
722 1595 803 1660 hoec
826 1595 931 1662 oratio
950 1593 1145 1678 haberetur,
1179 1591 1263 1660 non-

202 1691 285 1760 dum
313 1691 445 1761 finitum
471 1694 591 1781 fuisse,
617 1695 879 1784 Dicoeogenem,
907 1694 965 1783 qui
988 1690 1263 1784 vigintiduobus

201 1793 379 1862 minimum
408 1795 505 1863 annis
532 1811 608 1864 ante
633 1796 774 1881 obierit,
809 1811 978 1864 mortuum
1003 1819 1074 1864 esse
1100 1793 1264 1886 oportebit

200 1895 290 1962 iuter
316 1920 347 1965 u.
368 1895 433 1964 494
459 1913 491 1964 et
510 1896 591 1979 401,
631 1887 745 1966 decem
769 1912 827 1965 aut
856 1912 981 1987 septem
1012 1899 1089 1964 ¹nuto
1115 1919 1263 1988 pugnum

202 1993 357 2067 Ouidium
387 1997 495 2067 cunis.
525 1999 659 2088 ,ltaque
686 2016 743 2068 uut
767 1999 852 2066 illud
878 1994 1000 2068 iulsum
1025 2020 1096 2068 esec
1116 2011 1262 2089 apparet,

186 2099 287 2186 'quod
303 2100 348 2187 ζ.
367 2104 389 2166 7
408 2101 531 2169 nobilis
552 2102 611 2169 illo
624 2099 744 2169 Cnidio
763 2125 874 2193 pugno
893 2100 974 2168 enni
992 2099 1069 2186 394,
1089 2116 1146 2168 aut
1163 2098 1261 2181 illud,
1280 2115 1302 2200 '.
1328 2133 1332 2140 ·

186 2200 287 2286 'quod
319 2202 357 2289 ᾖ.
378 2200 422 2270 46
452 2204 578 2272 bellum
604 2202 808 2294 Olynthium
836 2225 867 2270 a.
889 2203 954 2269 382
972 2239 1017 2253 -
1042 2202 1106 2268 379
1133 2193 1280 2290 gestnm'

200 2299 382 2389 significari
408 2304 566 2378 creditur,
613 2302 686 2392 Ego
716 2325 797 2373 vero
826 2317 1000 2392 utrumque
1029 2303 1151 2370 helsum
1178 2325 1260 2387 esse,

12 2399 20 2408 ’
174 2402 237 2488 ,¹¹⁸
250 2396 290 2470 ὀ.
312 2428 417 2491 neque
436 2405 548 2494 priore
567 2407 640 2472 loco
666 2405 761 2472 illam
784 2402 938 2472 Ouidium
965 2425 1128 2494 pugnum,
1154 2411 1261 2489 neqiw

199 2503 314 2580 altero,
337 2506 540 2600 Olynthium
576 2508 702 2574 bellum
738 2505 907 2592 designari
935 2507 1074 2572 affirmo.
1127 2502 1260 2569 Etenim

199 2605 428 2694 possidebatur
446 2631 467 2675 a
488 2608 696 2696 Dicaeogene
716 2605 769 2675 ΙΙΙ
789 2607 857 2674 tote
876 2606 978 2696 putris
998 2601 1146 2695 bdoptivi
1163 2602 1261 2670 here-

51 2713 56 2720 '
200 2706 287 2774 ditus
307 2709 367 2776 illo
388 2708 461 2800 ipso
476 2709 636 2801 ¹tempor-is
655 2709 783 2799 spatio,
817 2732 881 2796 quo
901 2708 1028 2774 bellum
1048 2703 1262 2773 Corinthium
1377 2748 1380 2752 ·

200 2821 331 2894 gestum
361 2823 428 2896 est,
465 2811 500 2880 h.
524 2835 554 2878 e.
581 2809 668 2878 iuter
695 2834 774 2878 anu.
794 2810 860 2877 395
878 2845 922 2860 —
941 2809 1016 2876 387.
1059 2805 1098 2874 ld
1119 2803 1261 2873 munife-

200 2923 289 2978 stum
308 2913 346 2978 flt
364 2913 511 3001 primum
531 2913 568 3000 d.
590 2914 646 2998 37,
666 2909 726 2978 ubi
746 2912 965 3000 exprobretur
982 2909 1057 2995 illi,
1085 2907 1173 2997 quod
1192 2921 1260 2976 tent

202 3011 313 3101 opime
339 3001 519 3082 hereditate
545 3013 666 3105 potitus
692 3014 781 3104 nihil
811 3029 923 3081 temen
957 3012 994 3080 in
1026 3009 1078 3078 rei
1108 3008 1260 3101 publicae

201 3134 300 3179 usum
320 3136 457 3203 erogare
469 3116 659 3184 sustinuerit
669 3130 897 3206 praeterquam
916 3114 1019 3182 semel
1038 3127 1112 3203 post
1130 3125 1261 3202 coptum

202 3212 390 3282 Lechaeum
410 3216 447 3285 h.
470 3241 500 3284 e.
522 3241 554 3284 ο.
576 3219 656 3300 393;
693 3217 770 3283 dein
790 3217 827 3304 ᾗ.
850 3216 903 3301 tt,
923 3215 982 3282 ubi
1003 3211 1260 3304 Cephisodotum

202 3329 351 3384 materne
377 3316 566 3384 hereditatis
593 3317 743 3407 portione
767 3317 944 3406 spoliatum
962 3339 1024 3406 pro
1050 3315 1165 3381 colone
1184 3335 1261 3378 cum

203 3415 306 3483 irene
333 3441 393 3484 suo
414 3417 598 3485 Harmodio
620 3417 818 3486 Ooriuthum
847 3419 887 3486 ud
918 3415 1102 3485 exercitum
1120 3411 1261 3482 miserit·

204 3514 311 3602 Igitur
321 3517 448 3587 etiamsi
457 3519 573 3586 eodem
583 3520 715 3586 demum
726 3543 826 3605 anuo,
842 3543 907 3607 quo
919 3514 1262 3608 ceptum'estheohue·

203 3639 282 3704 um,
313 3616 517 3709 Dicaeogeni
536 3635 638 3689 totam
659 3620 875 3689 hereditatem
898 3618 1118 3709 adjudicatum
1138 3637 1263 3699 sumus,

205 3719 357 3787 decennii
368 3736 479 3790 tumen
495 3723 608 3808 illius,
639 3747 702 3811 quo
713 3721 873 3813 possedit,
895 3735 1061 3789 extremus
1077 3741 1184 3786 annus
1199 3716 1263 3784 erit

204 3819 281 3906 384,
298 3813 438 3890 biennio
449 3815 610 3892 intebelli
619 3824 777 3915 Olynthii
786 3828 902 3906 linem3
925 3816 1191 3909 Dicaeogcuesll
1203 3840 1264 3883 cu-

203 3936 272 3989 tem
285 3924 476 3994 occubuisse
493 3924 650 3994 dicendus
662 3925 725 3992 erit
743 3924 822 3994 circ.
838 3923 921 4010 495,
939 3921 1094 3990 undecim
1109 3935 1185 3988 unte
1201 3942 1264 4009 pu·

203 4044 306 4110 gnam
320 4024 474 4095 Ouidium
493 4027 601 4096 unnis.
622 4065 666 4079 -
686 4023 761 4096 Jem
780 4051 862 4096 vero
881 4024 1041 4116 occepisse
1050 4017 1265 4090 hereditatem

204 4123 431 4214 Dioueogeues
447 4128 501 4195 lll
522 4129 642 4196 dicitur
662 4125 973 4214 contumationes,
992 4123 1107 4200 πόλεως
1126 4123 1180 4188 noi
1188 4116 1265 4187 oroi·
1330 4125 1333 4138 '

205 4245 283 4304 σεως
293 4230 453 4314 γενομένης
462 4229 608 4316 udrosos,
631 4237 666 4312 9.
675 4234 709 4317 7,
720 4232 818 4318 quale
831 4245 959 4318 tempus
969 4227 1057 4294 intre
1070 4225 1266 4292 decertante

204 4344 337 4422 captum
364 4330 553 4402 Lechaeum
578 4355 682 4401 eunos
702 4357 772 4401 uon
797 4331 888 4400 eliud
907 4327 1169 4496 imiigbm
1188 4337 1267 4414 puto

1432 534 1433 592 l

1432 626 1434 674 l
