2910 4830
148 401 153 410 ⁴
275 401 339 468 ιιι
629 401 676 470 ια
698 399 977 504 omninum
1111 461 1115 476 .

278 567 353 639 Nun
373 586 482 638 autem
494 570 685 639 universum
703 571 867 637 bonorum
882 567 1116 652 substantiam,
1136 566 1193 634 sed
1213 581 1340 656 portem

277 673 502 739 tantummodo
517 669 688 740 Minervae
708 668 924 736 nNieostrsto
946 684 1185 748 consecratum,
1212 667 1341 755 relique

277 773 343 839 sibi
363 774 471 858 legate
480 772 651 864 Pyrrhum
671 771 877 838 contendisse
898 772 1014 854 credo;
1042 789 1240 858 quemquern
1260 793 1342 836 con·

279 875 364 941 sulto
385 888 496 940 oretur
521 871 568 940 ite
594 873 757 959 loquitur,
787 879 943 958 utquam
971 871 1207 940 absurdissime
1226 871 1342 938 videe-

278 993 333 1040 tur
363 974 433 1064 ejus
457 974 583 1064 petitio.
631 974 719 1040 Nem
743 973 829 1061 quod
850 972 1036 1040 Eumenius
1063 973 1105 1038 de
1130 970 1197 1062 jur.
1226 971 1341 1038 bered'.

173 1061 180 1074 ’
279 1099 312 1164 p.
333 1075 377 1142 65
403 1088 473 1142 not.
496 1077 546 1142 39
571 1075 743 1167 Pyrrhum
770 1074 970 1142 sacerdotem
996 1073 1098 1140 fuisse
1125 1072 1260 1159 statuit,
1288 1071 1343 1138 cni

277 1175 398 1244 tradito
425 1175 468 1243 sit
495 1177 660 1244 bonorum
687 1190 952 1242 consecratorum
977 1172 1234 1256 administratio;
1270 1197 1343 1239 me·

183 1283 189 1292 '
278 1277 415 1344 minisse
436 1277 575 1345 debebat
593 1301 660 1344 non
679 1301 699 1343 a
715 1276 956 1355 sacerdotibus,
983 1276 1041 1342 sed
1056 1299 1075 1342 a
1091 1275 1217 1358 ταμίαις
1224 1273 1344 1341 annuis

280 1379 419 1446 deorum
447 1378 602 1467 pecunias
628 1376 866 1444 administrari.
908 1375 988 1443 Vid.
1007 1375 1157 1442 Boe'ckb.
1180 1374 1221 1441 de
1245 1379 1343 1441 ceco&

279 1502 368 1546 nom.
392 1479 442 1545 rei
462 1481 554 1569 publ.
568 1479 650 1547 Atb.
663 1479 681 1545 1
694 1504 728 1568 p.
742 1479 806 1545 172
825 1499 897 1564 sqq.
941 1475 1041 1566 (ἴση).
1058 1475 1197 1544 lmen!
1217 1499 1251 1566 p.
1266 1476 1342 1542 176.

363 1583 489 1664 Κτῆσις.
545 1577 637 1648 Haec
665 1576 815 1664 vulgaris
845 1579 953 1646 forms
987 1576 1089 1644 tuisse
1117 1576 1250 1644 videtur
1280 1601 1343 1671 pro

277 1679 432 1765 Κτησίας,
458 1695 495 1746 ut
514 1682 605 1754 Νἴκις
623 1703 684 1768 pro
705 1679 836 1757 Νικίας,
862 1675 964 1754 ΣῶσιςΙ
982 1703 1043 1770 pro
1065 1680 1205 1759 Σωσίας,·
1235 1701 1344 1765 neque

135 1775 141 1778 ’
278 1781 444 1850 absimilia
463 1795 540 1848 sunt
559 1782 705 1867 Σίβυρτις
730 1803 792 1868 pro
812 1777 990 1866 Σιβύρτιος,
1017 1778 1162 1868 Διόιασις
1181 1803 1243 1868 pro
1262 1783 1346 1844 Δισ-

133 1957 136 1962 .
277 1881 399 1964 νύσιας,
428 1877 591 1966 Δήμητρις
609 1905 670 1971 pro
692 1878 888 1967 Δημήτριος,
915 1879 1066 1956 “estate
1079 1897 1145 1970 'pro
1162 1875 1342 1955 ‘Etutam

277 1982 356 2050 Vid.
378 1981 526 2049 boeckb.
550 1982 651 2072 corp.
672 1982 826 2072 Inscript.
847 2006 881 2071 p.
903 1983 979 2051 367.
1007 1981 1181 2048 Weleker.
1206 1978 1343 2072 Syllog.

278 2083 382 2172 epigr.
404 2109 438 2170 p.
462 2085 514 2150 18.
537 2082 731 2151 Schneider.
753 2084 796 2149 ed
816 2081 1106 2172 Xenopbt'Aneb.
1126 2081 1156 2167 Ι,
1177 2085 1211 2166 2,
1233 2083 1266 2148 9.

264 2239 269 2244 .
361 2179 565 2267 ἀπελεύθερον
584 2221 627 2236 -
648 2181 911 2268 προσποιήσαιτο
934 2181 1020 2249 εἶναι.
1062 2182 1225 2250 Notabilis
1246 2185 1344 2251 locus

277 2285 333 2372 qui
355 2285 468 2352 doceat
488 2284 740 2369 libertinorum,
770 2284 800 2351 si
819 2285 978 2373 improles
999 2284 1232 2378 decessissent,
1252 2286 1345 2353 bona

234 2381 237 2388 ’
277 2387 318 2453 ed
351 2405 524 2477 petrones,
562 2409 582 2452 s
614 2385 732 2473 quibus
765 2385 961 2453 manumissi
999 2400 1123 2472 essent,
1156 2385 1342 2455 devenisse.

278 2487 466 2556 Meminisse
485 2487 584 2577 hujus
610 2487 676 2553 loci
697 2485 895 2554 debebamus
915 2485 1057 2554 Meierus
1078 2501 1111 2553 et
1130 2511 1210 2573 ego,
1238 2511 1343 2574 quum

277 2589 317 2656 de
338 2607 551 2681 patronorum
576 2587 706 2678 juribus
733 2588 942 2676 loqueremur
961 2589 1003 2654 de
1023 2589 1095 2656 ord.
1116 2587 1186 2680 jud.
1208 2611 1242 2676 p.
1262 2586 1342 2655 474.

363 2697 397 2771 ς.
421 2692 472 2757 10.
494 2688 531 2756 od
552 2687 646 2773 μόνον
668 2689 760 2765 αὐτὸς
780 2727 823 2740 ·-
849 2686 1029 2774 „Subandi
1050 2712 1068 2754 e
1088 2689 1254 2778 prioribus
1277 2687 1343 2772 ἆμ-

191 2851 193 2859 .
278 2796 438 2878 φισβηιῶν
458 2797 514 2857 τσῦ
535 2792 687 2876 κλήρσα.“
728 2791 837 2858 Reisk.
865 2790 978 2857 Potest
997 2813 1076 2856 sone
1095 2791 1159 2856 hoc
1180 2791 1342 2880 suppleri,

276 2906 382 2980 potest
401 2888 650 2976 ἠμφισβήτησεν,
678 2908 783 2978 potest
804 2891 903 2958 etiem
924 2889 1015 2958 omni
1035 2892 1262 2980 supplemento
1283 2915 1343 2958 su·

276 2985 458 3080 persederi;
481 2992 537 3057 sed
559 2991 703 3057 arbitror
723 3006 831 3059 temen
853 2991 977 3079 aliquid
998 2992 1053 3057 bic
1067 2992 1240 3059 excidisse.
1283 2991 1342 3060 Ex

277 3091 320 3158 iis
340 3093 447 3174 euim,
487 3113 568 3176 quse
589 3106 787 3178 sequuntur,
819 3090 867 3158 ὅτι
887 3094 955 3178 περὶ
985 3098 1041 3157 τοῦ
1068 3092 1172 3176 γένους
1185 3091 1341 3178 ἐλεηθή-

277 3214 373 3272 σαιια,
395 3203 527 3279 opperet
542 3191 688 3280 priorem
705 3195 790 3258 benc
808 3192 983 3260 Gberiedis
1005 3191 1235 3280 ἀμφισβήτησιν
1255 3195 1342 3260 κατὰ

277 3295 362 3378 γένος
380 3292 500 3374 fnisse,
527 3314 630 3378 neque
650 3292 782 3361 videtur
793 3296 856 3360 boc
878 3295 919 3359 ub
942 3309 1070 3360 oratore
1091 3296 1222 3363 silentio
1242 3322 1349 3387 pree·.

277 3392 464 3472 termissum
492 3392 615 3476 fnisse,
644 3399 745 3480 quum
773 3408 956 3462 ceterorum
987 3393 1135 3461 omnium
1163 3398 1340 3486 petitiones

239 3557 242 3561 .
277 3517 341 3580 quo
361 3492 457 3558 titulo
477 3491 644 3560 institutae
666 3510 771 3561 essent
791 3511 1091 3580 commemorasset,
1121 3512 1153 3562 et
1173 3499 1252 3563 huic
1273 3499 1341 3587 ipsi

278 3592 451 3661 Chariedis
479 3594 629 3683 petitioni
655 3611 766 3685 postea
793 3613 934 3686 opponet
959 3597 1097 3664 elterem
1125 3598 1206 3662 κατὰ
1238 3596 1340 3666 δόσιν.

276 3693 391 3781 ltaque
417 3694 547 3784 scripsit
575 3699 732 3763 fortasse:
769 3695 807 3761 ori
835 3693 931 3779 μόνον
961 3695 1056 3772 αὐτὸς
1085 3698 1231 3784 συγγενὴς
1260 3697 1341 3765 εἶναι

278 3793 421 3882 φάσκων,
444 3795 521 3862 ἀλλὰ
543 3801 595 3860 καὶ
615 3796 651 3862 τὸ
673 3797 706 3861 ἐκ
725 3801 781 3879 τῆς
801 3793 924 3887 ἑταίρας
943 3799 1065 3864 παιδίον
1085 3801 1226 3867 εἰσποιῶν
1246 3793 1340 3886 ἦλθε.

276 3893 350 3961 Ηοα
371 3911 480 3962 eutem
501 3898 647 3972 cloacinis
663 3896 704 3962 de
724 3914 842 3964 coneto
862 3887 1087 3990 accipiendum
1108 3925 1178 3969 esse
1199 3927 1266 3969 non
1289 3921 1341 3970 est

277 3997 362 4082 quod
391 4019 554 4062 moneam.
615 3997 704 4064 Puer
730 3997 788 4064 ille
814 4015 927 4067 utrum
954 3999 1132 4069 Nicostrati
1165 4003 1268 4071 fuerit
1295 4029 1342 4070 en

278 4095 464 4179 Gberisdis,
486 4095 629 4162 discerni
641 4121 709 4166 non
723 4116 828 4189 potest
834 4127 845 4183 3
866 4102 1042 4191 peregrine
1058 4117 1168 4170 eutem
1181 4120 1344 4171 metre—

277 4213 309 4262 et
335 4196 483 4262 solebant
512 4199 703 4286 plerumque
730 4201 922 4289 peregrinae
950 4205 1137 4271 meretrices
1159 4228 1229 4271 esse
1252 4205 1342 4289 (vid.

276 4293 586 4387 Platneresymbol.
607 4301 796 4402 p.110)-7
817 4318 931 4371 nomm
952 4327 1021 4371 esse
1042 4321 1176 4397 apparet
1197 4331 1242 4374 ex
1263 4306 1344 4374 bis:
