2910 4830
106 277 108 284 ’
246 327 311 406 aot
558 325 944 400 memnonem

329 501 437 595 6.25.
459 501 487 566 si
506 499 556 564 καλ
576 497 811 586 μὴγέγραιιται.
853 500 900 568 Η.
920 525 949 569 e.
972 501 1137 568 cerumar
1154 525 1216 570 νισιι
1230 527 1312 572 ecre

151 633 175 704 g
243 621 302 699 psa
321 619 409 690 ιαιιι,
430 623 498 669 non
518 603 586 668 etsi.
631 599 685 668 cf.
709 598 839 668 Schees.
863 602 949 692 App.
973 603 1046 672 crit.
1064 605 1153 694 Vp.
1173 605 1228 674 56.

283 710 368 798 6.
388 706 444 774 26.
486 700 543 786 τὴν
574 700 711 788 ἀδελφὴν
739 700 796 786 τὴν
828 698 974 790 [incolomi.
1027 704 1081 772 De
1108 707 1148 774 h.
1181 708 1206 776 l.
1238 706 1310 777 vid

244 834 390 906 prooem.
413 831 445 896 p.
467 805 534 872 288
553 827 602 891 sq.

330 912 367 1000 6.
389 912 444 978 27.
472 902 679 990 παραδιδόναι
700 901 786 991 αὑτῷ
805 929 862 989 την
883 905 1038 974 συνοικίαν
1055 945 1110 972 -.
1132 847 1312 978 Rationem

244 1013 344 1105 hujus
364 1010 413 1078 rei
434 1033 502 1076 nou
522 1007 601 1074 satis
621 1007 829 1097 perspicuam
842 1007 927 1074 mihi
947 1032 1017 1076 esse
1036 1008 1152 1077 fateor.
1197 1010 1311 1097 Quam
1341 1067 1345 1072 .

243 1116 468 1201 Dicaeogenes
488 1124 577 1176 tutor
589 1108 736 1198 pupillae
753 1110 862 1176 dotem
879 1109 1027 1194 dixerat,
1060 1134 1098 1177 ee
1118 1135 1229 1196 nunc,
1250 1112 1311 1180 de·

243 1219 311 1285 late
332 1215 373 1283 ad
394 1209 781 1284 mulieremjherediutis
806 1210 975 1300 portione,
1007 1209 1176 1302 repetitur.
1218 1213 1310 1290 Nu'm

243 1317 348 1405 igitur
368 1313 551 1381 hereditate
572 1326 702 1400 eccepto
725 1312 783 1380 dos
805 1311 942 1380 retineri
962 1335 1030 1380 non
1051 1313 1181 1402 potuit?
1202 1352 1247 1372 η-
1269 1312 1310 1383 si
1374 1357 1377 1364 ι

244 1415 404 1510 pactionis
424 1414 536 1498 illine,
563 1436 663 1501 quam
676 1412 901 1500 Dicaeogenes
923 1437 998 1480 cum
1019 1413 1219 1484 adversariis
1240 1417 1310 1484 ini·

244 1535 331 1604 erat,
363 1515 570 1584 condiciones
603 1537 716 1586 omnes
738 1530 962 1601 teneremus,
986 1515 1065 1582 hinc
1091 1518 1180 1584 haud
1208 1519 1309 1586 dubie

245 1622 365 1693 certius
385 1617 441 1692 hic
462 1619 552 1684 loeus
573 1615 741 1706 explicari
754 1633 883 1734 posset·
912 1640 1000 1684 nunc
1021 1617 1207 1710 conjectura
1223 1644 1308 1709 pro·

243 1721 412 1814 ponenda,
446 1718 525 1788 satis
546 1733 673 1836 tamen,
710 1731 747 1782 ιιι
768 1717 902 1807 opinor,
935 1719 1130 1807 probabilis.
1173 1718 1309 1789 Scilicet

245 1819 458 1914 Cephisodoti
487 1818 659 1886 sorori·-
685 1819 772 1885 hanc
802 1819 892 1884 enim
918 1842 989 1887 esse
1015 1820 1110 1888 illam
1130 1823 1307 1892 mulierem

243 1940 415 1994 statuo-
435 1929 537 2009 quom
558 1921 677 1988 amissa
698 1919 855 1988 avunculi
875 1919 1056 1988 hereditate
1077 1924 1135 1994 ad
1141 1948 1306 1994 summam

244 2039 420 2116 egestatem
432 2022 563 2090 redacta
577 2036 661 2096 esset
682 2021 763 2108 (vid.
786 2021 822 2109 6.
842 2021 918 2109 10),
948 2024 1040 2090 doce
1060 2038 1166 2094 tutore
1187 2026 1307 2096 donata

243 2143 325 2196 eret.
367 2125 486 2193 Postea
507 2123 580 2207 hic,
611 2146 713 2212 quum
740 2123 913 2191 restituere
921 2123 1162 2202 hereditatem
1158 2152 1306 2217 eogere·

242 2243 315 2313 tur,
342 2226 466 2295 dotem·
471 2225 537 2294 sibi
556 2225 652 2297 illam
671 2224 871 2292 reddendam
891 2249 912 2292 a
933 2226 1083 2296 mulieris
1104 2229 1225 2297 marito
1245 2255 1306 2321 pe·

241 2331 389 2421 pigeret,
413 2317 563 2416 ideoque
583 2351 671 2394 nunc
691 2326 757 2394 sibi
778 2351 851 2394 eam
871 2327 966 2395 reddi
986 2328 1171 2398 Leochares
1191 2346 1304 2422 postn-

241 2431 343 2516 lavit,
376 2429 494 2521 quippe
516 2454 597 2517 qut
562 2428 634 2496 de
655 2429 854 2496 restituenda
876 2429 1059 2500 hereditate
1079 2431 1303 2524 fidejussisset,

242 2549 274 2601 et
293 2557 313 2604 a
334 2555 399 2620 quo
419 2531 558 2622 proinde
578 2531 728 2598 mulieris
748 2532 856 2620 portio
878 2530 969 2618 exigi
988 2548 1109 2623 posset.
1259 2607 1261 2616 y

247 2691 250 2698 .
272 2671 276 2682 ·
297 2679 299 2684 -
325 2635 362 2723 6.
378 2635 434 2702 28.
456 2634 524 2720 περὶ
545 2633 702 2727 lucescens
721 2638 777 2698 τοῦ
788 2632 953 2712 βαλανείου
965 2671 1019 2698 -·.
1040 2634 1152 2718 Illius,
1174 2636 1303 2727 opinor,

242 2735 335 2827 cujus
357 2737 394 2825 6.
416 2739 460 2804 22
490 2734 614 2810 mentio
635 2736 721 2801 facte
743 2751 808 2819 est,
831 2735 929 2822 ,quod
949 2758 1010 2824 pro
1031 2733 1216 2826 hypotheca
1237 2739 1303 2806 Mi·

240 2838 330 2908 αἰσιιί
361 2838 546 2924 obligatum
567 2851 648 2904 erat.
700 2836 755 2904 De
775 2860 868 2903 voce.
890 2831 1030 2920 ἒπισκιιιή
1051 2850 1083 2905 et
1102 2837 1302 2920 ἐπισκευάζων
1381 2851 1385 2856 “

240 2941 283 3008 of.
305 2939 390 3007 Mor.
420 2939 461 3005 ad
489 2940 597 3027 lsocr.
612 2936 781 3028 Panegyr.
808 2962 842 3026 p.
864 2933 926 3005 ’121
948 2938 999 3005 ed.
1023 2934 1151 3028 Spohn.
1173 2976 1218 2993 -
1236 2943 1304 3007 Kal

239 3038 399 3128 πρότερον.
442 3039 487 3108 Η.
511 3064 540 3106 e.
563 3062 632 3105 uon
658 3039 697 3104 in
716 3039 908 3106 hereditatis
928 3038 1009 3126 lite,
1042 3041 1082 3106 de
1103 3064 1174 3128 qua,
1198 3043 1235 3130 6.
1259 3044 1302 3114 16

239 3155 412 3221 narretur,
448 3139 569 3207 sedin
601 3137 726 3225 ἐξούλης
757 3140 899 3231 judicio,
938 3165 1040 3228 quum
1068 3166 1129 3231 pro
1156 3143 1329 3214 Micione·

102 3229 109 3246 ’
209 3233 212 3243 “
236 3241 462 3331 Dicaeogeues
482 3239 654 3325 βεβαιωτὴς
673 3244 776 3309 fieret.

267 3346 366 3434 -6.
380 3345 434 3412 29.
463 3339 532 3408 ἀντὶ
559 3347 639 3408 τῶν
652 3346 694 3407 λιι
684 3348 904 3428 ιτοαργιῶν-
861 3315 997 3413 -scil.
1020 3345 1137 3433 quibus
1167 3348 1301 3418 functus

237 3451 309 3515 er'at
327 3445 571 3532 Dicaeogeues,
596 3469 710 3532 ¹qaum
739 3459 841 3512 totam
861 3446 1079 3514 hereditatem
1105 3448 1300 3537 possideret.

236 3548 311 3624 Hae
336 3545 491 3632 liturgiae
511 3568 594 3633 quoe
622 3562 654 3614 et
680 3548 795 3634 quales
820 3547 966 3637 fuerint,
1000 3549 1091 3616 rnfra
1091 3548 1149 3640 6
1171 3551 1215 3618 36
1236 3576 1301 3619 ex-

280 3650 381 3718 nitur.

235 3674 278 3742 1²⁰
319 3747 400 3816 αντα
428 3752 493 3814 σῶν
519 3749 672 3828 δικασιῶν
691 3746 933 3836 γιγνωσκόντων.
973 3750 1155 3842 Apparet
1142 3751 1225 3843 rpsis
1246 3753 1300 3845 ju·

235 3851 361 3919 dicibus
382 3848 657 3920 intercedentibus
686 3852 926 3941 consiliumque
945 3877 1044 3922 suum
1065 3869 1098 3921 et
1118 3856 1300 3925 auctorita·

234 3969 301 4022 tem
320 3952 606 4042 interponentibus
630 3945 816 4044 pactionem
834 3955 1187 4042 interliicaeogenem
1208 3956 1301 4048 ejus·

234 4067 296 4142 que
317 4053 522 4124 adversarios
543 4057 725 4124 confectam
746 4081 827 4126 esse.
894 4110 898 4120 .
1235 4104 1238 4117 .
1294 4109 1298 4122 .

315 4153 532 4242 ἔξαιρεθίντες.
563 4157 750 4244 .‚,Videtur
771 4173 825 4226 aut
847 4157 1000 4245 ἐξαίρετον
1026 4158 1203 4246 legendum
1225 4183 1299 4230 esse

234 4271 288 4294 ···⁴
309 4257 529 4360 ἔξαιριθιῒσαν.
541 4261 566 4302 “
607 4258 724 4329 Reislt.
746 4259 818 4348 Ego
839 4259 929 4327 nihil
948 4259 1144 4329 mutandum
1165 4285 1297 4351 censeo,
