2942 4842
372 348 436 418 os
458 346 694 418 cenentur
713 293 1029 419 aurnuns.
1165 355 1262 424 ιω1

139 475 267 588 σείσω,
283 517 497 606 frequentius.
540 517 715 586 Demosth.
729 517 765 584 in
777 510 910 609 Aphoh.
926 520 953 587 l.
974 545 1008 610 p.
1018 493 1104 590 830:
1126 520 1223 590 πολλοὶ
1293 553 1299 560 ’

162 623 265 688 τοίνυν
296 619 467 705 ἀπορηθεὶς
493 621 560 706 περὶ
594 615 717 684 πόντων
745 617 873 688 τοότων.
922 621 973 688 ld.
997 621 1046 688 ¹in
1072 623 1222 692 Timoth.
1333 653 1337 658 ·
1388 595 1390 602 Ι

162 750 196 814 p.
220 725 322 805 1293,
346 723 408 788 163
447 719 521 784 ἀλλ’
545 717 626 806 ἕιόρα
649 744 683 785 σε
705 718 748 797 ὥς
767 717 896 806 ήνιόρον.
939 723 1021 788 ibid.
1046 724 1140 808 1190,
1162 728 1205 790 27
1215 752 1225 794 ε

164 821 376 950 ἀπορούμενος
395 819 612 897 όποδίξασθαι
634 817 759 896 αὐτούς.
804 823 866 889 Or.
889 823 925 888 in
940 823 1058 890 Neaer.
1080 850 1113 914 p.
1131 826 1226 909 1380,

162 923 236 993 4.'
217 933 363 1009 ηποροΐτο
385 929 449 1006 τῆς
459 924 579 1009 σωτηρί
576 948 623 997 ας.
667 923 808 992 Videtur
825 938 933 990 tamen
952 925 1014 992 hoc
1032 925 1111 992 olim
1127 926 1228 994 inisse

123 1072 128 1086 ι
164 1026 364 1107 discriminis
391 1019 434 1090 ab
456 1023 714 1090 accuratioribus
743 1023 955 1114 scriptoribus
977 1019 1162 1112 serva'tum,
1192 1045 1229 1094 ut

164 1115 385 1214 ἀπορεῖσθαι
373 1151 403 1192 rs
424 1125 631 1216 potissimum
652 1111 841 1209 diceretur,
869 1150 965 1212 qoem
986 1141 1088 1193 status
1115 1153 1227 1195 rerum

155 1255 204 1302 ¹ac
226 1228 408 1298 condicio,
397 1252 432 1294 tn
455 1227 622 1313 angustias
638 1226 849 1316 conjecisset,
877 1226 1000 1312 ἀπορεῖν
1017 1244 1126 1295 autem
1147 1231 1228 1297 sim·

165 1331 296 1422 pliciter
323 1345 406 1396 esset
432 1332 553 1415 inopem
575 1351 654 1407 esse,
683 1329 841 1396 haesitare
861 1342 929 1394 εσσε
964 1326 1078 1415 Itaque
1099 1333 1228 1424 puellae

166 1432 339 1517 ἀποροῦσαι
366 1446 462 1504 erunt
489 1433 593 1516 inopes
621 1429 836 1519 simpliciter,
875 1426 1080 1514 ἀπορούμενοι
1108 1447 1228 1518 autem,

166 1534 370 1620 qooe‘potris
389 1545 487 1597 morte
499 1534 604 1617 inopes
619 1531 823 1615 sactacmnt.
856 1528 1010 1599 Ueterum
1025 1534 1067 1600 cf.
1080 1529 1230 1625 Hesych.

167 1653 248 1702 tom.
271 1636 300 1702 1.
322 1661 354 1724 p.
377 1633 442 1700 480
463 1649 494 1699 et
515 1633 638 1700 Pollux
657 1631 729 1715 ΙΙΙ,
762 1632 835 1699 111.

253 1733 272 1820 ή
304 1733 383 1818 παρ’
416 1734 503 1817 ὑμῶν
535 1732 700 1817 αἳσχόνηι*
716 1735 820 1819 pudor
846 1758 867 1798 o
895 1736 998 1820 vohis,
1037 1734 1072 1801 h.
1106 1761 1136 1802 e.
1166 1761 1229 1824 quo
1261 1737 1262 1746 ’

167 1837 273 1906 vestri
286 1838 325 1902 dc
340 1836 437 1903 nohis
451 1835 566 1926 judicii
581 1835 815 1925 reputationos
834 1837 1055 1924 perfunderet.
1099 1835 1230 1905 Simili-

169 1955 221 2006 ter
246 1938 394 2030 Lycnrg.
423 1937 459 2003 in
489 1937 640 2003 Leocrat.
669 1959 738 2025 cap.
771 1939 833 2012 32,
863 1938 904 2004 3:
945 1935 1043 2024 όγάρ
1064 1939 1149 2025 παρά
1171 1946 1231 2008 τῶν
1322 2020 1328 2024 ,

170 2047 302 2108 πολιτῶν
329 2038 427 2127 φόβος
454 2034 614 2123 ἀναγκάσει
645 2035 720 2112 τοὺς
746 2033 902 2112 κινδύνους
929 2034 1098 2122 ὑπομένειν.
1138 2042 1229 2110 Plut.
1322 2097 1324 2116 ,

170 2143 275 2228 Agit.
299 2165 371 2231 cap.
393 2144 443 2208 2.·
480 2138 536 2223 τήν
566 2139 650 2226 παρὰ
677 2164 739 2204 των
765 2143 886 2204 πολλῶν
916 2137 1020 2217 δόξαν
1062 2141 1115 2208 De
1135 2167 1231 2232 prae·

170 2243 333 2335 positione
359 2239 426 2308 ἀπό
451 2240 606 2308 similiter
631 2256 786 2363 usurpata
815 2237 885 2308 vid.
907 2239 1076 2310 Schaeser.
1105 2243 1230 2346 Melett.

169 2372 204 2437 p.
226 2343 281 2414 84.

257 2471 327 2537 ταῖς
345 2461 500 2546 μεγίσταις
528 2460 657 2544 ζημίαις.
699 2459 752 2526 De
772 2483 878 2550 poena
905 2459 974 2549 ejus
995 2462 1052 2548 qui
1072 2461 1233 2542 κακώσεως

25 2607 28 2615 =
170 2565 284 2652 γονέων
310 2587 345 2632 v.
375 2560 543 2650 ἐπικλήρων
570 2562 742 2628 damnatus
768 2577 868 2647 esset,
894 2562 968 2629 vid.
992 2563 1033 2628 de
1063 2564 1134 2631 ord.
1153 2565 1230 2654 «jud.

120 2691 129 2708 ⁸
172 2694 207 2759 p.
231 2669 306 2734 292.

260 2785 298 2872 §.
328 2783 382 2850 41.
417 2781 490 2869 ὅπερ
521 2791 651 2870 ποιεῖτε
695 2781 733 2846 id
770 2781 854 2866 pseud
874 2781 991 2868 focae
1029 2783 1231 2853 consuevistis.

178 2888 287 2975 Quam
309 2909 404 2975 saepe
426 2899 533 2950 autem
560 2863 742 2976 judices'''
706 2906 742 2948 tn
764 2883 869 2948 causis
891 2883 1098 2951 hereditariis
1120 2900 1249 2953 contra

176 3003 367 3057 testamenta
390 2969 675 3078 pronuntiaverint
703 2986 758 3050 vel
778 3005 850 3050 una
865 2983 1087 3053 Philocleonis
1109 2987 1236 3075 gloria-

178 3090 225 3158 tio
247 3089 386 3158 ostendit
407 3088 492 3177 apud
512 3084 771 3176 Aristophanem
792 3083 893 3174 Vesp.
915 3111 949 3152 v.
973 3073 1054 3153 693.
1135 3107 1140 3120 ’
1272 3081 1279 3084 ’

261 3275 318 3340 κάν
339 3267 578 3356 ἀποθνήσκων“
563 3299 579 3338 o
597 3268 698 3357 πατήρ
718 3295 762 3360 τῳ
784 3273 828 3358 δῷ
850 3269 1045 3350 pernitionis
1061 3273 1149 3337 παῖδ’
1169 3275 1234 3340 ἐπί-

783 3378 913 3456 κληρον,

207 3507 212 3518 ·
263 3476 375 3545 κλαίειν
387 3473 472 3559 ήμεΐς
489 3473 595 3560 μακρὰ
615 3473 673 3557 τήν
694 3473 828 3560 κεφαλήν
848 3469 979 3549 εἶπόντες
998 3479 1037 3561 τῇ
1058 3472 1194 3562 διαθήκῃ

265 3578 316 3642 καί
336 3583 374 3663 τῇ
388 3575 487 3662 ,κόγχῃ
508 3581 547 3662 τῇ
567 3572 648 3640 πόνν
671 3581 787 3656 σεμνῶς
806 3584 870 3649 τοῖς
891 3575 1057 3656 σημείοισιν
1078 3575 1194 3663 ἐποόσῃ

266 3678 372 3762 ἔδομεν
392 3675 508 3762 ταύτην
529 3674 613 3750 ὅστις
634 3675 672 3742 ἀν
691 3673 776 3760 ἡμᾶς
796 3674 1000 3760 ἀντιβολήσας
1020 3675 1182 3766 ἀναπείθῃ.
1230 3698 1233 3708 ·

190 3925 192 3932 ,
264 3860 321 3944 οάχ
349 3859 447 3928 οἷόντε
475 3861 566 3928 ταῦτ’
598 3862 661 3927 ἐστὶ
680 3897 725 3940 υ,-
744 3860 936 3944 ψεόσασθαι.
977 3869 1082 3930 -Τοῦτο
1102 3865 1174 3931 noli
1194 3865 1234 3931 ad

153 3949 215 4032 1τό
243 3965 327 4050 γένος
361 3966 503 4044 reserre3
539 3963 679 4052 pertinet
707 3965 814 4055 potius
842 3965 882 4030 ad
916 3965 1021 4050 γίνους
1047 3962 1217 4050 οἰκειότητα
1224 4015 1234 4046 ,

183 4055 275 4154 qnasi
291 4065 379 4133 dicas
396 4066 432 4131 τό
453 4065 521 4150 περὶ
541 4071 596 4148 τής
613 4070 669 4128 τοῦ
688 4065 792 4150 γίνονς
806 4061 997 4152 οῖκειότητος.
1040 4067 1141 4134 Tales
1155 4091 1235 4154 pro-

181 4166 326 4234 nominis
337 4180 520 4234 structurae
538 4167 817 4253 frequentissimae
830 4181 917 4234 sunt.
961 4164 1057 4234 Gonf.
1065 4167 1235 4234 Matthiae.

184 4293 234 4357 gr.
257 4267 317 4335 Gr.
339 4292 373 4357 p.
363 4268 471 4336 ..829
520 4263 704 4336 Bernhard.
728 4265 869 4358 Syntax.
860 4293 925 4358 p.
947 4270 1042 4432 2821.3
1065 4265 1237 4335 Sententia
1266 4311 1276 4320 -
