2942 4842
477 1469 524 1522 ΙΝ
552 1467 849 1525 ΟΒΔΤΙΟΝΕΜ
875 1473 899 1524 1.

271 1583 360 1740 sn's
394 1632 679 1702 cenentur
710 1613 1085 1710 nnnnnlnlnn.

554 1862 841 1908 PROOEMIUMe‘

157 1989 388 2132 Cleonymus
409 2041 590 2109 decesserat
609 2056 801 2110 testamento
822 2044 957 2126 relicto,
979 2068 1043 2130 qno
1066 2063 1220 2132 cognatos

54 2201 59 2210 ,
158 2143 333 2231 quosdam,
362 2143 604 2226 Pherenicnm,
632 2142 868 2234 Posidippum,
898 2143 1051 2212 Dioclem
1072 2148 1220 2234 aliosque

157 2247 301 2310 fortasse«
324 2229 447 2336 plures¹
465 2245 602 2311 heredes
631 2243 828 2312 instituerat.
872 2244 1090 2335 Impugnatur
1121 2262 1220 2316 testa-

158 2361 305 2413 mentum
334 2368 355 2411 a
375 2343 553 2437 cleonymi
583 2369 737 2413 esur-ore
761 2347 953 2436 nepotibus,
984 2347 1040 2433 qni
1060 2349 1219 2438 scriptum

158 2447 292 2534 quidem
316 2445 352 2512 id
383 2437 465 2513 olim
493 2448 535 2514 ab
562 2449 726 2515 avunculo
753 2471 820 2515 non
849 2464 988 2536 negent,
1019 2449 1076 2516 aed
1106 2451 1219 2522 valere
1288 2495 1292 2501 -

157 2572 225 2615 non
252 2547 322 2639 jam
355 2571 450 2637 possa
482 2549 698 2618 contendente
732 2550 842 2638 ipsum
877 2548 966 2616 enim
997 2547 1219 2646 Cleonymum

51 2643 58 2658 ⁸
156 2647 344 2717 testamenti
363 2648 417 2716 aui
435 2647 653 2741 poenituisse,
681 2651 766 2738 quod
788 2674 888 2738 quum
908 2650 1094 2719 rescindere
1106 2652 1220 2737 vellet,

158 2749 304 2843 primum
330 2773 423 2818 mora
450 2751 492 2817 eb
525 2750 723 2821 adversariis
756 2750 966 2843 interposita,
1006 2751 1083 2820 dein
1111 2753 1219 2820 subita

148 2863 264 2920 'morte
290 2851 484 2942 impeditum
512 2875 594 2922 esse.
637 2849 816 2942 Scripsisse
837 2851 946 2922 autem
966 2852 1050 2920 illud
1067 2877 1219 2922 avuncu-

157 2955 228 3022 lum
248 2953 362 3020 multis
390 2969 466 3020 ante
487 2953 602 3040 annis,
631 2979 732 3042 quum
752 2977 871 3042 graves
891 2954 979 3021 inter
1000 2977 1075 3022 eum
1092 2977 1134 3032 ¹ac
1154 2954 1220 3022 Di·
1339 2943 1343 2951 ’
1403 2942 1405 2951 '

149 3054 267 3139 niem,
289 3055 438 3145 ipsorum
458 3071 611 3146 patruum
631 3079 670 3122 ec
691 3071 844 3137 tutorem,
866 3055 1059 3126 inimicitiae
1079 3055 1221 3152 intereee

158 3158 291 3241 decent,
323 3172 556 3245 verereturque
577 3156 778 3249 cleonymus
799 3182 860 3244 ne,
887 3158 918 3225 si
937 3157 1008 3248 ipse
1028 3172 1103 3226 ante
1126 3155 1216 3226 dccci

159 3258 269 3337 deret,
301 3281 400 3345 quam
426 3271 559 3348 nepotas
588 3259 808 3329 adolevissent
835 3276 866 3326 et
886 3260 939 3328 sui
963 3260 1047 3352 juris
1067 3259 1147 3326 lacti
1167 3281 1219 3326 ea·

156 3374 249 3444 sent,
267 3359 368 3444 *bona
395 3385 455 3428 sua
485 3361 522 3428 in
548 3359 771 3428 inimicissimi
799 3362 852 3429 sui
871 3376 1063 3452 potestatem
1084 3360 1219 3434 deveni-

157 3474 251 3545 rent,
293 3475 329 3528 at
346 3462 388 3527 ab
416 3486 455 3530 eo
477 3461 543 3530 sibi
563 3480 636 3553 post
656 3478 797 3530 mortem
823 3463 907 3554 juste
929 3462 1145 3554 persolvenda
1167 3485 1218 3530 es·
1279 3502 1281 3508 ·

156 3564 259 3642 sent,
276 3561 369 3652 eujus
395 3565 476 3631 dum
503 3563 694 3636 viveretne
714 3565 901 3655 adspectum
922 3564 1054 3651 qnidam
1075 3565 1218 3632 tolerare

157 3663 325 3756 potuisset.
389 3664 488 3737 Hanc
518 3667 607 3734 enirn
640 3689 741 3734 onem
769 3663 870 3734 foisse
904 3665 995 3733 illius
1032 3665 1219 3732 testamenti

155 3764 322 3834 scribendi
343 3789 494 3852 censam,
516 3792 621 3855 neque
634 3791 715 3838 vero
736 3791 756 3834 a
777 3765 948 3858 nepotibus
969 3765 1126 3836 avunculi
1146 3765 1220 3834 ani·

155 3891 248 3934 mum
265 3867 490 3936 abalienatum
509 3867 628 3954 fuisse,
655 3869 764 3959 ipsum
780 3868 1001 3960 Cleonymum
1021 3891 1091 3934 non
1110 3869 1219 3936 solum
1250 3917 1254 3924 ·

155 3968 252 4035 brevi
280 3985 353 4058 post
383 3970 541 4060 scriptum
568 3985 794 4039 testamentum
816 3985 961 4060 tempore
981 3969 1219 4058 interrogatum

157 4069 312 4163 aleinie
337 4073 449 4158 palam
469 4074 657 4162 'professum
688 4097 777 4156 esse,
812 4073 868 4139 sed
889 4071 995 4159 magis
1027 4070 1127 4136 etiem
1148 4083 1241 4164 post·

155 4169 280 4238 Diniae
319 4188 457 4242 mortem
487 4175 686 4259 declarasse,
727 4199 827 4262 quum
858 4189 989 4265 nepotes
1020 4173 1056 4238 in
1087 4171 1222 4238 domum

156 4295 251 4340 suam
272 4290 418 4364 receptos
441 4276 605 4370 educam,
638 4290 760 4344 tutatus
781 4273 847 4359 sit,
876 4299 895 4342 a
916 4273 1061 4366 paternis
1083 4270 1224 4339 credito·
