2910 4830
262 307 327 418 να
610 293 960 430 montarcene

345 476 446 563 ἐπειδὴ
465 476 511 548 τά
531 477 586 547 tto
607 477 750 550 ταλάντιο
771 477 870 561 ἔξάκις
884 480 1035 568 biberen
1064 465 1306 578 coernpte'heee

262 605 332 651 esse
352 588 498 674 apparet,
532 579 633 674 *Nem
660 583 745 671 quod
767 584 924 654 Reislu‘ns
953 589 995 662 εἰς
1014 567 1113 671 κράσιν
1132 588 1306 664 subintelli-

261 684 405 771 gendum
433 707 503 750 esse
528 699 641 769 retus,
666 683 714 750 ita
738 685 820 752 haec
840 685 1091 776 interpretatore
1128 690 1307 775 ριισιιάοριιί-

260 789 332 853 «tem
357 785 513 852 hereditas
532 785 573 852 ab
604 810 638 852 eo
666 787 796 872 relicta,
824 811 904 873 puae
924 789 1018 854 ιΙιιιιιιι
1037 802 1083 854 est
1102 794 1262 870 talentum,
1287 814 1306 856 ο

173 947 180 958 ,
259 891 321 956 sca·
340 887 584 972 competitoribus
592 887 665 971 suit
681 889 784 974 petito
802 914 866 971 —,·
888 913 991 976 neque
1011 888 1155 975 ἔρχεσθαι
1174 915 1307 978 unquam

260 985 309 1057 si'c
320 989 406 1056 nude
421 987 546 1056 (lictum
561 987 731 1056 invenitur
746 989 785 1056 te
803 983 860 1074 re,
887 1013 969 1079 quse
985 989 1021 1056 in
1034 989 1193 1080 judicium
1212 991 1306 1075 venit,

260 1111 365 1178 neque
384 1087 487 1171 ἰαειδὴ
509 1089 544 1155 b.
575 1090 600 1156 1.
624 1088 808 1176 significare
828 1092 1075 1176 ραααᾰοραὶιίσιιι
1095 1093 1198 1177 setis,
1227 1079 1328 1158 arbi··-
1410 1083 1411 1136 i

260 1208 352 1276 tror,
379 1191 589 1257 menifestum
618 1205 677 1257 est.
729 1183 805 1260 lem
832 1215 913 1260 vero
940 1194 1003 1259 hoc
1024 1217 1152 1281 quoqne
1172 1206 1306 1282 apparet,

259 1317 327 1362 non
347 1308 417 1358 tune
438 1292 569 1358 demum
590 1283 714 1360 luctuni
730 1316 751 1359 e
763 1293 1028 1382 competitoribus
1048 1311 1212 1384 sumptum
1232 1317 1306 1371 esse,

257 1411 441 1484 postquam·
456 1381 567 1484 petere
598 1393 796 1482 coepissent,
831 1395 886 1462 sed
909 1418 1010 1481 quum
1035 1395 1170 1485 petituri
1190 1409 1306 1462 essent=

94 1517 97 1528 ’
126 1543 130 1552 -
176 1507 178 1512 '
258 1493 301 1572 ὥς
328 1495 379 1562 διὰ
411 1493 446 1560 τά
464 1493 589 1569 λπένθος
617 1491 896 1580 κληρονομήσαντες
920 1501 976 1578 τῆς
1000 1493 1115 1573 οὐσίας.
1137 1533 1180 1547 ·-
1204 1493 1306 1582 Neque

257 1593 474 1665 Valckenaeii
504 1595 690 1681 conjectura
719 1595 751 1672 ἐξ
782 1594 875 1680 Ἄκης
905 1589 1083 1684 quidquam
1114 1595 1305 1686 proficimus.

256 1698 398 1766 Etiamsi
424 1696 512 1763 enim
537 1696 612 1763 lieri
631 1697 774 1787 potuisse
794 1698 1025 1784 concedamus,
1056 1713 1095 1765 ut
1113 1698 1314 1766 Nicostrttus·

256 1799 292 1866 in
318 1798 381 1866 illo
401 1797 599 1865 Phoeniciee
626 1798 745 1886 oppido
766 1798 850 1884 (vit.
871 1798 1033 1887 Harpocr.
1055 1798 1091 1867 in
1105 1798 1195 1888 Ἄκη)
1224 1822 1307 1866 rnor-

119 1929 124 1970 ῑ
255 1917 322 1969 tem
341 1899 478 1980 obierit3
509 1921 706 1985 quemquam
719 1900 782 1965 boc
797 1898 906 1988 ipsum
921 1900 1314 1989 parumeetverisimilee·

106 2031 117 2045 ¹
256 2001 310 2069 cui
339 2001 470 2066 tandem
497 1999 653 2070 credibile
679 1999 847 2068 videbitur
872 2000 989 2087 illum,
1017 2003 1057 2067 etl
1080 1999 1307 2069 bellum‘stili·

256 2097 308 2170 cet
327 2101 614 2201 proficiscentem,
649 2102 734 2168 bene
765 2125 823 2168 sue
852 2102 963 2169 omnia
983 2100 1076 2194 Acen
1096 2128 1209 2170 secum
1235 2126 1307 2192 por·

138 2257 144 2274 ,
253 2203 338 2271 tasse
345 2248 358 2283 ,
391 2204 478 2269 uude
512 2219 585 2291 poet
621 2201 698 2293 ejns'
721 2218 863 2271 mortem
894 2203 1058 2282 Athenas=
1081 2207 1186 2274 relate
1222 2203 1306 2273 sint?

247 2305 340 2372 ‘Mihi
352 2304 483 2392 quidem
497 2302 607 2370 leneus
623 2303 791 2394 scripsisse
812 2303 961 2389 videtur:
983 2303 1083 2388 ἐπειδὴ
1104 2305 1151 2372 sel
1173 2304 1227 2376 δάο
1254 2329 1307 2370 τα-

249 2404 356 2474 lebro
383 2406 574 2486 ἐξέκιισθονς
606 2405 691 2493 quod
718 2430 819 2493 quum
848 2401 974 2496 priores
1002 2406 1084 2474 duee
1105 2411 1254 2499 syllabae
1273 2406 1311 2472 in·

253 2506 351 2588 ἑξάκις
371 2533 405 2577 v.
435 2505 534 2585 ἑξάκις
554 2508 749 2596 depravatae
768 2521 895 2588 essent,
925 2509 1009 2574 illut
1029 2547 1073 2576 -·,-
1093 2516 1194 2590 σθαν,
1226 2508 1306 2597 quod

147 2685 150 2696 ,
251 2613 417 2700 reliquum
446 2626 533 2694 erat,
564 2633 631 2677 non
658 2609 765 2699 potuit
793 2633 859 2676 non
886 2605 946 2698 pro
967 2610 1198 2678 terminatione
1217 2606 1307 2678 verbi

251 2714 406 2802 agnosci,
437 2711 535 2800 idque
561 2710 697 2800 proinu
720 2726 902 2778 correctore
922 2710 1032 2796 aliquo
1053 2735 1113 2802 pro
1135 2729 1230 2803 captu
1251 2733 1306 2779 suo

250 2815 438 2882 restitutum
467 2827 527 2879 est.
576 2810 700 2879 Notum
730 2827 778 2879 eet
807 2827 933 2896 eutem,
973 2835 1075 2901 quum
1090 2813 1185 2881 alias
1215 2810 1306 2898 λήξεις

251 2941 387 2995 omnes,
421 2930 492 2980 tum
513 2912 611 2979 etiam
633 2913 851 2980 hereditatum
877 2912 1047 3002 petitiones
1068 2938 1088 2983 a
1109 2912 1306 3002 magistrati·

172 3059 178 3068 ·
249 3018 312 3085 bus
332 3018 370 3083 in
397 3016 509 3082 tabule
529 3013 661 3102 publica
681 3014 821 3103 proponi
841 3014 955 3081 solitas
976 3039 1044 3082 esse
1067 3016 1150 3102 (vit.
1173 3017 1215 3083 de
1235 3013 1304 3083 ord.
1348 3015 1355 3056 ³

248 3118 321 3209 jud.
349 3143 383 3207 p.
411 3115 476 3183 604
493 3117 565 3202 sq.)
598 3132 693 3202 utque
726 3115 788 3180 bac
819 3115 859 3181 de
888 3139 925 3182 re
951 3116 1105 3182 ἐκκεῖσθαι
1132 3132 1306 3208 usurpetur
1414 3199 1415 3208 ρ

169 3287 174 3298 ,
248 3221 348 3287 etiam
368 3241 418 3285 or.
440 3217 476 3283 in
498 3217 641 3283 Theocr.
663 3241 698 3305 p.
717 3214 812 3296 1324,
833 3218 891 3284 10:
918 3217 1042 3294 ἐξέκειτο
1063 3219 1098 3284 δὲ
1117 3218 1214 3284 πολὺν
1232 3211 1306 3302 χρά-

247 3327 310 3388 νον’
331 3320 511 3404 ἔμπροσθεν,
535 3323 591 3383 coel
628 3318 786 3402 συνεδρίου
812 3315 833 3401 ἢ
864 3315 968 3403 φάσις.
996 3320 1038 3386 cl.
1068 3319 1242 3392 Demostb.
1269 3318 1304 3384 in

246 3421 329 3490 Mid.
352 3445 385 3510 p.
407 3418 484 3503 548,
505 3421 538 3485 2.
581 3418 693 3507 Neque
713 3419 797 3488 illut
819 3443 1015 3508 quemquem
1036 3423 1196 3506 offendet,
1219 3419 1304 3510 quod
1326 3485 1329 3495 ,

246 3523 291 3590 σο)
311 3518 366 3586 tto
387 3516 532 3586 ταλάντο
543 3509 697 3588 dicuntur
708 3546 767 3612 pro
788 3521 903 3588 libello
913 3565 925 3605 ‚
954 3520 992 3588 in
1009 3546 1072 3611 qno
1089 3523 1154 3591 dno
1171 3524 1323 3607 talenta,-¹

235 3645 328 3712 ⁸qnae
348 3622 557 3711 petebantur,
597 3623 717 3713 scripta
749 3636 852 3690 erant.
896 3621 990 3708 Quae
1017 3639 1126 3693 eutem
1151 3624 1304 3712 designe-

243 3737 300 3790 tur
320 3725 401 3806 λῆξις
420 3723 562 3791 ‹luoriim
583 3727 801 3823 talentorum,
828 3722 1001 3812 Hagnonis
1023 3740 1092 3793 erat
1113 3742 1145 3793 et
1164 3726 1303 3812 Hagno·

243 3823 333 3909 tbei,
365 3824 423 3910 qni
447 3825 548 3914 primi
574 3825 769 3894 ’ἐπιδικασίαν
794 3824 1015 3893 instituerunt.
1073 3826 1147 3894 Hec
1172 3825 1304 3916 publice

241 3926 407 4016 proposita
428 3928 516 3996 etin
536 3927 679 3994 comitiis
707 3950 834 4013 quoque
853 3926 1038 3994 renuntiate
1060 3927 1143 4014 (vit.
1165 3927 1206 3996 de
1228 3925 1301 3993 ord.

158 4062 161 4078 ι
242 4025 312 4116 jud.
333 4052 367 4119 p.
389 4027 494 4112 tot),
520 4051 574 4096 res
594 4029 696 4116 vulgo
718 4027 861 4094 innotuit
880 4029 1040 4116 multique
1062 4029 1102 4094 ad
1123 4028 1305 4118 petendum

241 4129 352 4196 allecti
372 4142 460 4196 sunta
474 4163 518 4178 --
536 4127 589 4194 De
610 4141 745 4197 tonsura
759 4128 796 4194 in
816 4127 906 4196 luctu
925 4153 994 4196 non
1007 4153 1087 4220 opus
1108 4149 1157 4199 est
1176 4128 1300 4198 dicere.

216 4228 320 4300 -Vit
345 4228 581 4320 Wyttenbacb.
603 4229 644 4298 ed
665 4230 797 4298 Pluton.
820 4228 943 4298 Phaet.
965 4254 999 4320 p.
1021 4230 1095 4300 235.
1183 4295 1186 4302 .
