2942 4842
224 451 226 466 .
280 395 345 463 210
630 390 679 460 IN
700 388 981 460 ORATIONllll

282 561 424 630 cessario
445 554 556 655 ιθεοὺςι
579 557 758 648 πατρῷοσς,
799 557 913 624 eadem
943 552 1010 641 ἱεροὶ
1034 546 1172 644 ’πατρῷοι
1204 557 1370 627 coluisse
1462 565 1463 576 ’

281 677 419 766 oportet.
464 662 552 747 Quid
571 664 676 750 ergo?
707 662 789 730 baec
808 659 1171 748 plurinmlamiliarum
1191 660 1345 728 sodalitia

281 787 427 852 quonam
440 763 574 830 nomine
590 764 752 852 appellata
773 785 843 827 esse
859 760 1058 828 statuimus?
1088 760 1244 842 Dubitari
1269 785 1345 848 pre·

280 869 365 934 fecto
394 889 461 932 nou
494 881 614 955 potest,
656 863 736 951 quin
764 885 934 944 orgcones
931 861 1087 944 suerint,
1125 887 1230 954 neque
1252 864 1343 930 alind
1428 853 1441 930 s

280 987 402 1036 nomen
415 965 560 1034 inveniri
574 979 700 1054 potest,
727 964 813 1050 quod
835 962 876 1028 ad
890 961 1129 1048 designandum
1152 961 1256 1046 illud,
1278 985 1346 1050 quo

280 1066 446 1170 conjuncti
467 1083 580 1151 erant,
611 1064 835 1133 communium
856 1073 1026 1146 sacrorum
1045 1062 1216 1134 vinculum
1236 1063 1347 1152 magis
1462 1053 1463 1120 i

281 1162 643 1236 accommodatnm¹sit
685 1163 828 1232 Nam
799 1189 829 1231 ar
850 1163 1002 1252 cognatio
1022 1166 1094 1232 sola
1114 1164 1343 1253 respiceretur,

280 1270 379 1336 etiam
409 1279 558 1352 συγγενεῖς
581 1292 642 1335 eos
663 1267 730 1333 dici
750 1265 914 1355 potuisse,
941 1265 1152 1336 menifestum
1174 1281 1240 1349 est3
1271 1267 1346 1355 ipse

279 1385 391 1437 tamen
419 1370 481 1436 illa
501 1369 672 1455 cognatio,
711 1366 974 1434 avetuatissimo
995 1367 1106 1452 aliquo
1132 1367 1343 1456 progenitore
1401 1365 1406 1384 ¹

279 1472 480 1563 permultas
508 1485 628 1536 aetates
657 1469 822 1557 derivata,
850 1469 925 1535 fieri
953 1491 1021 1534 non
1040 1467 1147 1556 potuit
1169 1469 1249 1555 quin
1272 1471 1343 1555 ple·

279 1595 418 1659 rumque
450 1571 607 1660 temporis
634 1571 874 1657 longinquitate
906 1569 1012 1660 magis
1033 1567 1202 1655 magisque
1224 1570 1345 1637 obsco-

260 1688 427 1756 raretur,
459 1672 505 1737 ita
526 1686 564 1737 ut
584 1671 792 1738 obliteratam
805 1673 875 1736 fere
896 1670 965 1762 ejus
987 1670 1182 1736 memoriam
1204 1671 1254 1737 nil
1275 1670 1342 1738 nisi

279 1795 448 1843 sacrorum
469 1773 527 1838 illa
544 1771 733 1839 communio
750 1771 954 1858 aliquatenus
970 1769 1231 1858 conmmareti).
1267 1774 1343 1858 Ap·

176 1892 181 1898 ’
278 1890 371 1964 paret
392 1887 501 1940 autem
521 1873 574 1939 his
596 1873 756 1941 sodalitiis
778 1897 992 1961 permagnam
1011 1871 1114 1960 luisse
1135 1897 1211 1940 cnm
1233 1873 1343 1960 genti·

279 1979 360 2060 bos,
392 1997 473 2062 qnae
488 1975 621 2063 proprie
635 1975 789 2040 dicuntur
796 2019 807 2057 ,
830 1967 1113 2070 similitudinem
1134 1972 1222 2040 Nam
1242 1973 1342 2041 sicuti

279 2091 393 2195 gentes
418 2076 498 2142 illae
525 2091 674 2155 veteres,
703 2065 850 2159 etiamsi,
881 2089 916 2140 nt
937 2073 1106 2154 diximus,
1127 2075 1258 2163 legibus
1280 2097 1342 2193 po

267 2179 342 2245 'tius
363 2201 460 2265 qnam
482 2177 626 2243 naturali
646 2177 841 2262 cognatione
862 2177 1073 2255 constitutae,
1095 2191 1206 2243 temen
1229 2192 1260 2243 et
1280 2176 1345 2243 iis·

277 2280 353 2346 dem
380 2301 525 2365 quaeque
554 2265 735 2366 majoribus
765 2301 803 2346 se
822 2271 910 2345 ortas
931 2277 1090 2366 putabant
1116 2293 1149 2345 et
1168 2301 1350 2347 sacrorum,

279 2401 299 2447 a
315 2381 463 2470 patribus
478 2395 684 2482 acceptorum
702 2367 967 2446 communionem
987 2380 1204 2464 habebant,'
1191 2395 1239 2446 rta
1258 2381 1345 2447 baec

277 2485 404 2569 qnoque
425 2502 605 2565 orgeonum
624 2479 781 2548 sodalitia
799 2496 831 2547 et
851 2478 1064 2570 amajoribus
1084 2480 1203 2546 iisdem
1224 2497 1345 2549 exorta

276 2600 308 2652 et
338 2605 510 2649 sacrorum
538 2581 763 2649 communium
791 2582 925 2649 vinculo
957 2580 1127 2672 conjuncta
1156 2598 1268 2666 erant3
1308 2569 1345 2652 et

276 2685 391 2768 sicuti,
426 2683 483 2770 qui
510 2684 552 2749 ab
579 2684 689 2771 aliquo
721 2684 979 2769 adoptabantur,
1013 2682 1051 2748 in
1071 2698 1202 2768 gentem
1232 2683 1347 2773 patrie

276 2785 444 2871 adoptivi,
474 2781 503 2850 si
524 2785 657 2871 quidem
679 2799 810 2871 gentem
832 2786 987 2884 liaberet,
1019 2786 1205 2851 necessario
1227 2801 1345 2853 trans-

202 2947 204 2953 ι
274 2886 384 2970 ibant,
406 2886 452 2951 ita
469 2909 524 2952 cos
545 2886 646 2952 etiam
666 2885 702 2952 in
718 2909 877 2972 orgeones
897 2885 1001 2975 patris
1025 2885 1174 2975 adoptivi
1194 2887 1341 2952 transire

214 3013 217 3034 ·
277 2989 464 3076 oportebat,
501 2986 667 3074 potuitque
699 2987 781 3056 liaeo
810 2989 898 3054 inter
934 3011 1094 3074 orgeones
1127 3010 1195 3054 non
1225 2987 1341 3058 minus

81 3157 85 3168 ,
156 3157 159 3162 ,
240 3111 375 3176 ,qnam
394 3088 455 3153 illa
475 3087 563 3154 inter
583 3087 722 3172 gentiles
742 3087 914 3177 inscriptio
934 3111 1000 3154 una
1021 3112 1097 3156 cum
1116 3088 1344 3179 inscriptione

275 3183 519 3270 interclusisse
540 3211 578 3254 ae
598 3186 758 3275 φράτορας
777 3205 1052 3277 ριοιιςωοιοιο
1074 3213 1144 3258 esse
1165 3191 1213 3258 ao
1228 3191 1340 3284 ipsam

231 3305 236 3322 '
276 3288 484 3378 adoptionem
503 3289 776 3390 probandamii).
832 3341 833 3349 ,

274 3440 471 3460 Μ

309 3525 337 3592 ·)
350 3527 626 3581 'Commemorantur
651 3512 744 3580 etiem
770 3525 905 3594 συγγενικὰ
933 3542 1018 3582 sacre
1049 3533 1079 3584 et
1099 3514 1172 3580 θεῶν
1201 3528 1344 3598 ὁμογνίων

341 3607 518 3678 relig-iones,
548 3625 627 3679 quiae
650 3621 739 3680 quum
764 3610 934 3666 simillimae
957 3620 1058 3668 essent
1073 3611 1126 3670 hia·
1142 3614 1336 3686 orgeonieis‚

340 3699 535 3746 nonnanes
550 3695 641 3763 plene
666 3696 787 3764 eaedem
811 3695 905 3750 fuisse
929 3694 1082 3753 videntur.
1132 3701 1196 3768 sed
1217 3701 1257 3755 de
1282 3699 1343 3754 laist

232 3793 235 3812 ι
339 3792 421 3830 nnnc
435 3775 598 3834 accuratius
616 3778 771 3849 disputare
787 3796 849 3834 non
866 3792 939 3870 opus
956 3787 1013 3836 est.

303 3876 431 3946 Ι“)Νἰιί
457 3894 634 3950 magnopere
656 3879 748 3934 iallor
773 3857 1026 3953 conjunguntur'
1013 3884 1138 3954 opyeoivee
1154 3890 1186 3941 et
1209 3887 1342 3956 γεννῆται

339 3961 459 4016 etiarn
450 3979 483 4016 ιιι
499 3964 565 4034 lege
582 3963 620 4018 de
645 3961 795 4060 collegiis,
819 3981 896 4034 qtrae
913 3965 1019 4022 Soloni
1042 3969 1186 4026 tribuitur
1208 3987 1227 4026 a
1245 3971 1337 4044 Gaio,

232 4097 237 4112 s
339 4043 408 4118 Dig.
425 4047 470 4114 47,
496 4047 540 4116 22,
558 4045 586 4115 l,
612 4047 737 4118 quaein
754 4049 969 4104 huucmodum
986 4051 1105 4109 videtur
1121 4057 1333 4112 emendanda·

338 4129 381 4183 ἰὰν
405 4131 434 4182 di
457 4127 578 4198 δῆμος
561 4151 578 4196 η
595 4129 724 4202 φράτορες
746 4133 763 4198 ἢ
780 4133 879 4204 ἱερῶν’
867 4137 990 4204 oppeciere
1006 4135 1023 4203 ἢ
1039 4139 1159 4205 γεννῆται
1175 4137 1193 4206 ἢ
1211 4141 1334 4194 σύσσιτοι

331 4207 353 4278 Q
369 4206 535 4282 ὅμότοιφοι
518 4235 535 4281 η
552 4215 718 4268 denudent
701 4239 717 4284 η
735 4219 775 4276 ἐπὶ
791 4222 862 4272 λείαν
878 4220 1011 4290 οἰχόμενοι
1027 4225 1083 4278 κτλ
1117 4227 1183 4282 Non
1196 4242 1266 4284 mea
1282 4231 1333 4284 est

337 4296 412 4352 haec
427 4298 614 4373 emendeti03
639 4304 695 4360 sed
712 4303 793 4374 attius
810 4302 851 4362 sit
866 4321 944 4364 nune
959 4321 1022 4364 οοιι
1037 4307 1172 4367 memini.
