2762 4834
298 389 362 460 DE
381 389 589 486 nnuman
608 391 923 490 HEREDITATE.
1069 398 1133 468 tot

77 557 168 628 haud
186 557 305 628 duhier
335 584 439 650 neque
456 561 545 632 enim
558 561 664 654 pilum
679 562 716 632 in
730 563 794 654 filii
806 561 1019 640 hereditatem
1034 566 1133 644 matri

76 656 129 749 jus
161 659 269 750 ast,*)
296 676 329 727 et
352 662 427 729 viro
453 662 599 754 ejusdem
624 664 746 752 gradus
775 663 964 750 mulierem,
977 670 982 686 ‘
996 666 1151 748 sohrino'

75 761 262 854 sobrinam,
283 761 397 829 cedere
413 777 540 854 oportet
559 788 603 830 ex
622 766 695 853 iege
710 788 792 852 quae
812 755 902 854 juhet
916 773 1038 849 κρατεῖν
1057 765 1131 842 τοὺς
1150 801 1153 812 ¹

74 859 207 948 ἄρρενας
232 863 285 929 sai
313 862 386 940 τούς
412 864 445 930 dx
470 869 532 930 τῶν
558 862 720 957 cippiirprr:n
744 863 994 960 Phylomacban
1021 881 1153 936 autem·

73 985 203 1030 summa
223 962 365 1054 injuria,
393 980 425 1036 et
440 964 524 1032 dolis
539 981 636 1056 atque
655 966 802 1040 artificiis
818 989 920 1046 usus,
947 989 1028 1053 quae
1049 991 1129 1056 qua·
1149 1003 1152 1008 ·

71 1063 274 1134 iia-inerint.
288 1064 409 1155 partim
429 1068 665 1136 Demosthenes
691 1067 827 1158 exponit
851 1081 914 1134 ctr.
934 1065 1072 1138 Macart.
1093 1093 1127 1159 p.

72 1163 169 1244 1059,
191 1167 210 1232 1
232 1189 301 1254 sqq.
323 1167 366 1233 cs.
388 1189 421 1253 p.
436 1167 531 1234 tutu
554 1169 649 1252 1062,
671 1169 725 1252 13,
745 1161 867 1254 partim
888 1190 947 1260 nos
967 1166 1055 1244 inira
1074 1167 1146 1236 irs-¹

72 1265 257 1348 dicabimus
278 1265 319 1332 ad
350 1266 388 1354 ᾗ.
409 1269 441 1338 1.
462 1305 505 1319 -
524 1267 651 1360 Rursus
671 1267 780 1337 auteni
801 1282 915 1334 contra
936 1267 1128 1366 Theopom-

69 1389 154 1454 pum
169 1365 282 1434 existit
294 1365 466 1444 Stratoclia
481 1369 569 1439 filius
585 1371 641 1442 rel
659 1368 765 1458 potius
779 1367 900 1457 hujus,
928 1391 1025 1456 quern
1034 1385 1129 1456 pater

31 1481 34 1488 '
66 1467 278 1556 impuberem
289 1468 485 1556 reliquerat,
505 1483 611 1554 tutor,
631 1462 808 1558 iliumque,
829 1469 933 1557 quiet
950 1468 1021 1558 ipae
1039 1467 1127 1570 ejus·

67 1567 148 1634 dem
163 1567 258 1657 pueri
271 1583 360 1638 tutor
373 1585 459 1656 erat,
480 1595 540 1661 per
554 1572 738 1656 εἰσαγγελίαν
754 1584 883 1638 accusat
896 1565 1125 1658 sanderum)

67 1669 159 1756 quod
179 1668 342 1760 pupillum
357 1671 578 1742 suumdebita
594 1665 893 1760 hereditatis'paite
913 1669 1049 1738 dimidia
1069 1670 1126 1741 dc-

65 1768 223 1838 frudarit.
265 1769 350 1842 Nam
363 1787 396 1840 et
413 1787 506 1842 antea
519 1796 594 1842 cum
603 1769 916 1861 ,Stmouspactum
931 1794 999 1844 esso
1012 1771 1133 1837 Theo-

62 1893 246 1960 pompum,
271 1888 326 1958 ut,
352 1872 383 1942 si
402 1875 557 1970 alteruter
575 1873 726 1968 ruisset,
751 1871 966 1946 hereditatem
984 1870 1072 1946 inter
1090 1895 1125 1963 ac

65 1969 366 2058 communicarent,
396 1989 428 2042 et
452 1990 527 2063 post
547 1972 721 2049 Stratoclia
739 1988 880 2044 mortam
900 1971 1124 2062 spopondisse,

62 2072 98 2142 si
120 2072 285 2140 hereditas
305 2074 371 2146 sibi
390 2075 648 2165 adjudicaretur,
678 2074 851 2146 dimidiam
864 2098 905 2149 ,se
920 2086 1048 2162 partem
1055 2093 1124 2169 pu*

61 2173 152 2263 pilio
174 2174 381 2244 traditurum.
418 2175 547 2244 :Gontra
568 2178 654 2243 hanc
678 2175 782 2264 igitur
800 2173 1041 2258 accusationem
1053 2175 1124 2250 ⁴itan

61 2297 103 2346 ac
124 2274 272 2344 oratione
294 2275 528 2364 Theopompus
549 2276 704 2342 defendit.
1019 2271 1021 2275 ’

152 2373 205 2442 Ac
232 2373 377 2464 primum
397 2375 529 2463 quidem
549 2375 617 2448 hac
644 2375 748 2442 utitur
774 2373 979 2458 defensione,
1009 2389 1047 2452 ut
1067 2373 1124 2441 de·

60 2490 227 2544 monstret
247 2499 282 2542 aa
303 2475 433 2562 quidem
454 2499 499 2556 eo,
513 2475 717 2564 cognationis
737 2473 1025 2564 graduHagniam
1045 2497 1123 2541 cou-

58 2578 217 2668 ¹tingere,
244 2575 299 2643 cui
312 2580 414 2664 ¹deges
442 2576 493 2666 jus
520 2576 709 2660 hereditatis
739 2569 913 2665 capiendae
934 2573 1122 2656 tribuerint,

59 2701 170 2766 quum
190 2676 260 2766 ipse
289 2692 320 2744 et
340 2677 489 2765 Hagnias
509 2678 597 2744 inter
617 2700 651 2744 se
671 2677 797 2747 luerint
816 2675 983 2758 ἀνεψιαδοῖ
999 2699 1033 2742 v.
1055 2672 1122 2740 ἀνε-

59 2782 153 2860 ψιῶν
173 2780 295 2860 παῖδες
321 2803 459 2867 puerum
471 2795 579 2847 antem
598 2779 698 2846 istum
717 2802 783 2848 uno
798 2777 904 2863 gradu
925 2799 995 2844 esse
1014 2785 1122 2842 remo·

60 2880 205 2946 tioremz
237 2902 306 2946 esse
321 2877 409 2946 enim
431 2878 601 2962 ἀνεψιαδοῖ)
620 2881 753 2947 nardus
769 2879 830 2946 hos
846 2892 954 2946 autem
975 2901 1044 2946 esse
1064 2875 1122 2955 ἔξω

47 2986 123 3068 τῆς
159 2976 329 3063 ἀγχιστείας
335 3025 345 3060 ,
385 3004 489 3068 neque
522 2981 662 3071 amplius
697 2979 780 3070 juria
811 2978 905 3064 illias
935 2975 1120 3068 participes.

57 3083 209 3169 Propter
226 3081 314 3146 heac
334 3105 465 3154 causam
484 3082 586 3153 ,etiam
608 3079 723 3148 Stratii
750 3081 908 3164 liberos„
927 3078 984 3165 qui
1008 3079 1122 3146 eodem
1248 3095 1250 3104 ’

57 3207 102 3250 ac
127 3203 209 3270 puer
228 3181 288 3250 iste
309 3183 510 3270 cognationis
522 3184 630 3270 gradu
640 3180 1001 3269 Hagniamauingsat,
1029 3175 1122 3268 'quie-

57 3299 116 3350 tos
150 3304 220 3347 essa
248 3305 352 3366 neque
379 3285 482 3352 ullam
512 3285 577 3354 sihi
598 3285 637 3353 de
658 3283 851 3354 hereditate.
865 3279 1121 3351 controversiam

44 3405 217 3454 moveres
230 3419 274 3434 -
294 3380 391 3464 Quod
413 3399 521 3454 autem
534 3386 574 3452 de
593 3385 743 3474 pactione
759 3383 900 3471 quadam
919 3381 1006 3446 dicat
1025 3381 1121 3447 here·

57 3481 180 3554 ditatis
200 3482 288 3551 inter
305 3505 342 3549 se
363 3497 395 3548 et
408 3481 601 3553 Stratoclem
621 3483 826 3575 partiendae,
857 3484 921 3549 hoc
940 3482 1062 3548 salsum
1081 3504 1121 3546 ac
1247 3531 1250 3538 ⁴

55 3581 219 3672 fictitium
231 3607 355 3664 essaeus
367 3584 440 3674 ipsa
454 3586 505 3653 rei
523 3586 713 3655 condicione
729 3585 807 3652 satis
824 3597 946 3673 patere.
989 3581 1121 3650 Utrius-

56 3709 131 3776 que
152 3683 242 3752 enim
261 3685 453 3774 petitionem
473 3685 633 3774 ejusmodi
647 3687 772 3772 inisse,
801 3699 837 3752 ut
857 3708 925 3756 non
943 3697 1052 3774 posset
1071 3683 1121 3760 al·

56 3798 193 3854 teruter
218 3784 290 3853 sina
321 3789 423 3856 altero
455 3801 512 3854 aut
540 3787 673 3855 vincere
701 3802 758 3858 aut
780 3809 880 3870 causa
899 3784 1031 3870 cadere,
1057 3782 1120 3852 sed

55 3908 199 3958 necesse
219 3884 337 3972 fuisse,
359 3912 461 3976 quum
481 3888 596 3958 eodem
612 3903 750 3978 ,aterque
771 3888 867 3958 titulo
888 3899 1044 3978 peterent,
1066 3897 1123 3952 aut

27 4028 34 4038 ·
54 3987 200 4075 utrique
219 3975 433 4060 hereditatem
448 4013 513 4080 pro
529 3987 902 4082 portioneadjudicari,-¹
923 4000 981 4060 aut
999 3983 1118 4063 neutri·

23 4225 29 4284 r·
91 4211 123 4277 ⁴>
143 4203 233 4264 conf.
251 4209 343 4268 cans.
361 4207 377 4267 1
392 4223 423 4280 p.
440 4209 492 4274 an
507 4237 542 4250 -
557 4205 618 4270 aro.
639 4187 642 4192 ’

23 4309 25 4314 “
93 4307 144 4374 θ’)
154 4305 251 4368 tuens.
271 4309 308 4368 da
321 4311 392 4378 ,ord
408 4313 470 4384 iud.
482 4325 522 4382 ,pa
538 4311 598 4371 269.

830 4362 909 4440 29⁰
