2942 4842
213 299 311 373 184.
531 267 610 368 'ru
632 297 912 369 ouauoueu
1045 331 1050 340 .

178 535 180 548 ,
212 466 386 542 λενσάντων
407 468 613 558 subintelligi
634 493 728 559 posse
750 493 886 537 monens
909 471 1011 536 τινῶν.
1055 463 1122 536 Sed
1143 466 1200 552 νῆν
1221 465 1277 532 od-

212 570 284 660 ntov
315 575 376 635 τῶν
402 567 572 655 χρημάτων
599 571 655 658 qui
682 570 813 636 defendi
844 569 966 659 possit,
984 593 1018 658 ,a
1044 569 1276 658 virorogregio

212 696 281 738 non
303 671 478 750 docemur,
505 671 563 758 qui
584 672 738 758 quidem,
771 695 873 757 quum
894 670 954 737 illa
976 671 1153 756 scriberet,
1185 670 1279 752 oodie
1319 745 1322 750 .

213 763 289 838 oum
311 771 486 838 lectionem
507 773 686 856 ignorasse
698 771 841 841 ridetur.
904 781 959 836 ultt

299 873 337 960 5.
361 875 414 940 13.
437 872 493 958 τὴν
521 871 651 939 ἔννοιαν.
694 871 873 942 Bekkerua
893 871 1041 940 inAdd.
1064 873 1091 940 l.
1115 874 1141 940 l.
1164 873 1278 940 suadet

214 974 271 1060 τὴν
291 971 446 1053 derivatae,
474 975 560 1061 quod
583 973 667 1040 mihi
689 997 815 1061 quoque
836 976 1015 1064 perplacet.

299 1075 411 1163 5.14.
440 1073 497 1150 εάς
523 1072 681 1149 δεαθάκας
711 1074 835 1143 ἀνελεῖν.
884 1075 923 1143 Iu
952 1090 1035 1142 orat.
1064 1076 1104 1142 de
1132 1074 1277 1142 Phiioot.

78 1197 81 1208 ·
214 1179 287 1244 her.
310 1177 347 1264 5.
370 1178 411 1242 31
433 1176 575 1263 legimus
601 1175 766 1240 ἀνελέσθαι
793 1175 850 1262 τὴν
877 1173 1050 1261 διαθήκην,
1080 1199 1277 1263 quamquam

214 1277 339 1344 ibidem
369 1280 481 1368 paullo
504 1291 578 1343 ante
586 1324 598 1356 ,
628 1277 666 1364 5.
688 1280 732 1343 30
764 1278 907 1364 itemque
938 1275 976 1366 5.
996 1281 1040 1344 32
1061 1293 1108 1344 est
1131 1278 1277 1354 activum

217 1378 340 1446 ἀνελεῖν.
391 1377 527 1447 Scilicet
557 1376 692 1465 ἀναιρεῖν
719 1393 768 1445 est
792 1375 894 1462 λύειν,
926 1383 1053 1462 tollere,
1084 1379 1278 1460 rescindere3

198 1481 414 1563 rivarotta-‘ior
443 1494 570 1564 autem,
609 1480 650 1547 de
688 1493 919 1551 contraotuum,
948 1492 1280 1566 testamentorumque

216 1582 355 1665 tabulis,
390 1581 522 1671 proprie
548 1596 598 1647 est
618 1599 763 1669 repetere
794 1581 834 1646 ab
857 1605 916 1662 eo,
954 1581 1039 1670 apud
1060 1604 1159 1667 quem
1179 1583 1281 1672 depo·
1358 1614 1367 1619 ·

99 1771 102 1776 ¹
217 1683 300 1751 ritae
315 1685 460 1765 fuerunt,
483 1684 567 1770 quod
586 1685 623 1747 fit
639 1707 658 1748 a
674 1684 856 1748 sublaturo.
901 1680 955 1749 01.
969 1680 1120 1748 Boeekh.
1133 1681 1277 1750 Staamh.

217 1783 420 1876 inparti.
441 1821 484 1834 -
515 1783 614 1868 Quod
642 1800 752 1850 autem
774 1783 1023 1869 megistratum,
1061 1784 1097 1849 h.
1120 1807 1149 1849 e.
1172 1797 1208 1875 nt
1228 1806 1281 1850 aa·

219 1885 351 1972 quentia
383 1884 517 1970 docent,
550 1886 694 1972 aliquem
721 1909 764 1951 ex
791 1901 1040 1980 astynomorum
1062 1884 1203 1968 collegio
1225 1907 1282 1949 ar·

219 1986 301 2054 cessi
330 1985 438 2077 jubet:
471 1987 556 2076 apud
587 1988 665 2070 hoo,
694 2010 780 2069 non,
810 2000 848 2050 ut
868 1985 951 2052 alias
980 1985 1054 2052 fieri
1074 1985 1177 2052 morio
1198 2000 1280 2070 erat,

220 2085 306 2175 apud
333 2086 500 2175 privatum
528 2081 672 2174 aliquem
694 2086 777 2173 (vid.
800 2088 841 2152 de
862 2085 1006 2153 Philoct.
1030 2088 1101 2155 her.
1124 2087 1161 2174 5.
1184 2089 1216 2153 7.
1239 2087 1280 2153 de

219 2188 366 2279 Astyph.
399 2188 463 2275 55.
485 2188 518 2256 5.
549 2189 582 2256 6.
607 2188 696 2272 18.),
729 2187 913 2277 depositum
944 2187 1008 2254 {uit
1038 2203 1279 2268 testamentum,

220 2288 255 2352 in
278 2286 404 2376 ἀρχείῳ,
434 2305 470 2356 ut
491 2290 654 2373 arbitror,
684 2313 744 2370 nee
764 2289 830 2357 nisi
851 2289 914 2377 ipsi
936 2289 992 2378 qui
1015 2290 1206 2379 deposuerat
1227 2313 1282 2355 re·

220 2381 348 2479 petenti
373 2392 466 2457 reddi
494 2391 651 2480 potuit*).
694 2391 780 2458 Nam
810 2392 1000 2460 auctoritate
1032 2408 1281 2482 astynomorum

222 2491 406 2560 aliorumve
418 2493 670 2581 magistratuum
690 2495 745 2560 vel
765 2493 805 2558 ad
828 2493 997 2558 condenda
1018 2493 1072 2560 vel
1093 2493 1134 2557 ad
1156 2493 1281 2558 readin-

192 2611 194 2616 ’
221 2593 326 2658 denda
340 2608 529 2672 testamenta
546 2618 626 2690 opue
643 2593 744 2660 foisse
766 2595 836 2660 noli
847 2595 990 2661 eredere.
1034 2589 1086 2661 01.
1099 2593 1171 2661 Au.
1183 2593 1280 2662 Proo.

222 2719 255 2783 p.
277 2697 332 2761 37.
355 2694 501 2763 Platner.
523 2694 570 2762 ll.
593 2721 627 2785 p.
650 2695 725 2763 319.
795 2763 797 2770 ,
856 2783 863 2790 ¹

226 2803 229 2814 '
308 2796 462 2881 ἐξαπίνης.
506 2793 586 2864 Vid.
608 2796 755 2863 Lobeck.
779 2797 819 2861 ad
843 2795 1026 2887 Phrynieh.
1047 2821 1080 2887 p.
1104 2797 1146 2863 18
1166 2815 1216 2884 sq.

306 2897 419 2984 515.
463 2898 570 2986 Δεινίᾳ
591 2903 740 2979 πολεμῶν.
784 2897 837 2963 De
865 2897 1040 2964 inimicitia
1062 2899 1279 2986 privatorum.

223 2995 276 3064 01.
294 2997 376 3089 Lys.
391 3000 426 3064 in
440 2992 625 3088 Diogit..p.
638 2999 720 3066 366.
763 2997 814 3065 lta
831 2999 991 3082 πολέμιος,
1014 3024 1063 3067 or.
1083 3001 1122 3066 de
1134 3001 1279 3091 Astyph.

224 3099 498 3285 Ῑιθιι.ἰε1,(ν.),εε11116ην.
542 3199 735 3292 Suspectum
751 3217 873 3286 nomen
894 3167 1026 3268 lonasio
1044 3217 1094 3286 et,
1114 3200 1152 3276 ni
1168 3202 1280 3287 folior,

225 3300 323 3367 etiam
337 3300 495 3369 Bekkero
502 3350 514 3386 ‚
537 3306 646 3387 nulla,
676 3318 712 3370 ut
731 3291 966 3390 mihi'quidem
979 3303 1133 3386 videtur,
1162 3303 1280 3370 idonea

209 3424 332 3478 (causa.
355 3402 469 3491 Ipsum
485 3420 571 3470 certe
589 3429 708 3470 nomen
722 3430 787 3472 non
806 3406 1005 3491 infrequens.
1029 3404 1109 3478 vid.
1121 3404 1278 3495 Thucyd.

96 3531 98 3536 -
226 3501 305 3588 vu,
328 3489 842 3596 1.m⁰‹10.·.x11,o.xw,1o.
873 3503 1275 3596 norvin.suu.p.401

212 3643 424 3686 .·²-·-·-·-·

259 3741 286 3808 ⁶)
307 3738 409 3797 Obiter
426 3759 554 3814 moneo,
573 3745 650 3816 quod
668 3747 798 3799 Buuoen.
817 3743 860 3800 ait
877 3746 913 3800 de
929 3743 986 3808 iur.
1004 3745 1070 3800 her.
1088 3761 1119 3815 p.
1138 3745 1183 3812 71,
1208 3759 1280 3798 eon·

291 3823 401 3880 fectum
425 3834 455 3882 et
476 3827 664 3906 obsignatum
686 3835 899 3886 testamentum
920 3828 974 3884 uni
993 3845 1014 3894 ro
1041 3828 1167 3885 testibus
1191 3825 1281 3897 tradi,

291 3911 371 3978 apud
388 3929 475 3982 quem
491 3915 707 3984 deponeretur,
731 3912 880 3987 hujusque
893 3930 1001 3969 nomen
1018 3931 1039 3968 o
1055 3923 1196 3968 testatore
1211 3910 1280 3966 oud-

289 3992 383 4048 ecrr’ba'
397 3997 516 4052 solitum
533 4015 604 4067 eoae,
622 4004 657 4053 ut
670 3996 833 4054 verisimile
851 3997 901 4066 sit,
934 3997 978 4054 iia
991 4005 1091 4054 tomen
1106 3994 1190 4067 locis,
1207 4012 1281 4066 quos
1314 4061 1319 4068 ι

291 4077 339 4134 vir
362 4080 551 4137 doctissimus
574 4081 694 4160 attulit,
722 4085 800 4138 Isae.
826 4099 855 4150 p.
874 4083 923 4138 161
941 4089 971 4138 et
987 4082 1055 4152 att,
1073 4099 1131 4138 non
1149 4079 1282 4151 probari,

291 4180 389 4234 neque
411 4165 507 4238 megia
530 4183 585 4238 eo,
609 4183 697 4237 quem
715 4165 844 4224 onustus
866 4166 970 4222 eitov‘it
988 4168 1026 4223 de
1048 4165 1106 4237 jur.
1125 4166 1189 4222 her.
1207 4167 1232 4218 Ι.
1250 4181 1280 4234 p.

292 4251 353 4304 391.
952 4261 958 4272 ’
