2846 4832
238 303 269 318 ''
355 319 421 388 oa
439 281 696 454 ιιιιιῌιιι
716 321 1081 416 sranamma
1139 327 1227 396 ιιι

160 488 241 556 a‘'d
224 513 294 554 onoc
315 459 596 558 accommodatum
618 514 687 559 esse
708 508 840 636 apparet
859 518 919 583 per
938 494 1102 581 quandam
1122 512 1225 566 attra-

157 590 314 710 ctionem.

156 739 282 860 sciron·
289 738 479 878 nantoide,
499 821 560 877 ——3
590 793 685 879 Quae
707 795 744 859 in
765 794 862 862 initio
878 797 1054 884 ,proposita
1072 813 1120 864 est
1142 821 1225 886 apo·

119 975 121 990 s
156 895 265 978 dosis,
291 893 529 981 interrogative
550 896 699 982 quidem,
732 910 768 961 ut
789 919 902 984 saepe,
928 899 1087 987 prolate,
1108 901 1223 967 eadem
1259 937 1261 944 ι

72 989 84 1004 ’
155 997 193 1062 in
213 999 279 1064 fine
290 995 418 1086 periodi
434 996 543 1063 verbis
554 997 771 1086 paullulum
758 998 941 1064 immutatis
961 999 1136 1087 repetitur,
1163 1024 1222 1066 cu·

71 1163 74 1166 .
155 1097 207 1188 jus
227 1097 359 1185 pneris
377 1120 445 1163 non
466 1121 541 1163 rara
561 1111 637 1165 sunt
656 1098 740 1212 apud
762 1098 903 1186 optimos
918 1122 1061 1185 quosque
1082 1100 1221 1198 scripto·

93 1227 96 1232 ·
154 1223 208 1265 res
220 1201 394 1289 exempla,
416 1223 460 1264 ex
472 1197 598 1285 quibus
595 1187 763 1266 nonnilla
781 1199 948 1286 Reisigius
966 1201 1117 1269 tractavit
1130 1199 1223 1268 Gon

153 1300 272 1392 jectam
262 1326 327 1390 ..p
350 1297 415 1366 314
434 1323 484 1386 sq.
526 1301 615 1366 Add.
638 1277 755 1367 Herm.
778 1301 818 1366 ad
842 1299 947 1390 Soph.
968 1299 1064 1390 Ajac.
1084 1324 1120 1367 r.
1131 1303 1218 1374 827.

153 1399 318 1476 Fritzsch,
349 1401 485 1484 Quacat.
508 1400 646 1468 Lucian.
675 1427 707 1492 p.
729 1402 803 1470 164.
845 1401 1004 1468 Mutanda
1033 1401 1136 1486 igitur
1156 1403 1220 1468 fuit

152 1501 285 1569 Reisluii
305 1501 544 1588 interpunctio,
574 1503 629 1589 qui
643 1526 751 1589 quum,
765 1501 939 1568 terminari
957 1501 1129 1591 periodum
1150 1517 1219 1576 sta·

94 1647 97 1652 -
153 1619 259 1670 tuerat
274 1604 315 1670 in
330 1603 446 1671 uerbis
468 1597 630 1687 ἔθελόνιήν
651 1628 684 1668 rs
704 1603 838 1682 ἐκπιεῖν,
865 1625 934 1669 non
950 1602 1059 1688 potuit
1076 1625 1145 1669 non
1166 1605 1219 1670 ol'·

151 1705 243 1771 leudi
271 1729 329 1789 eo,
365 1704 450 1792 quod
472 1728 559 1773 nora
580 1705 732 1792 deinceps
760 1701 913 1792 periodus
940 1717 1009 1769 tam
1029 1705 1165 1792 abrupte
1185 1718 1218 1770 et

79 1867 83 1876 .
152 1806 224 1873 ains
244 1805 576 1897 ullossconjunctionis
591 1806 725 1873 vincqu
746 1805 975 1892 inchoaretur,
1004 1805 1217 1891 quamobrem

150 1907 360 1974 scribendum
374 1906 476 1974 suasit
496 1908 595 1972 xulros
615 1905 670 1973 τὸν
691 1907 743 1971 καὶ
762 1902 899 2000 μάλιστα
920 1910 987 1972 κτλ.
1028 1904 1126 1973 Nunc
1139 1923 1217 1972 ιιιιιὲ

150 2022 217 2074 tata
237 2008 501 2095 interpunctione
515 2048 559 2060 —
579 2024 611 2075 et
632 2007 771 2076 mutavit
791 2007 860 2097 jam
881 2005 1057 2072 Bekkerus
1077 2008 1215 2074 -bacc

136 2109 288 2176 'offensio
308 2112 402 2180 nulla
424 2122 484 2178 est.
526 2109 625 2197 Quod
647 2125 756 2176 autem
777 2109 819 2174 ad
846 2104 1010 2192 ἐθελοντήν
1031 2108 1147 2174 atti-net
1167 2123 1215 2176 est

148 2211 232 2277 illud
254 2211 459 2279 adverbium.
504 2208 601 2277 Gonl.
624 2210 772 2276 Lobeck.
796 2211 836 2276 ad
859 2208 1045 2300 Phrynicb.
1068 2234 1101 2299 p.
1123 2209 1155 2276 5.
1179 2211 1212 2276 6.

147 2311 263 2378 Bekk.
278 2311 406 2378 Anecd.
422 2309 477 2378 lll
497 2337 530 2400 p.
547 2312 641 2376 1368.
684 2311 727 2376 Ει
748 2311 855 2398 magis
877 2310 975 2375 ctiam
996 2310 1115 2376 fefellit
1132 2309 1237 2396 lleig

147 2413 261 2480 alsium
279 2413 377 2495 ratio,
406 2436 508 2498 quum
529 2410 772 2496 crporsccplcov
793 2434 855 2501 pro
876 2409 1143 2496 στρατευσαμένου
1157 2425 1212 2477 aut
1318 2417 1325 2434 ³

71 2523 73 2528 '
147 2514 386 2598 ἐστρατευμένοι
402 2505 543 2603 positum
562 2512 675 2578 statuit
687 2525 719 2577 et
733 2510 868 2578 omnino
888 2511 925 2576 in
945 2533 1007 2577 usu
1026 2525 1211 2598 temporum

27 2643 33 2652 ι
145 2633 214 2682 nou
235 2611 413 2682 admodum
434 2615 610 2702 diligenter
629 2615 690 2679 hos
712 2612 909 2702 scriptores,
928 2613 975 2678 ’6.
998 2635 1028 2677 a.
1051 2628 1209 2698 oratores,

145 2740 216 2800 esse
241 2717 441 2806 pronuntiat.
486 2715 551 2783 Sed
578 2717 659 2781 haec
690 2738 778 2780 nunc
806 2715 949 2780 refutare
969 2711 1056 2778 nibil
1078 2712 1208 2797 attinet3

135 2829 178 2884 ‘et
198 2817 321 2885 similia
334 2817 402 2887 viri
421 2814 693 2908 praestantissimi
712 2815 835 2907 judicia
854 2813 976 2904 passim
993 2815 1039 2890 ab
1060 2813 1135 2880 aliia
1155 2839 1209 2882 re-

144 2911 305 3011 prehensa
327 2934 421 3003 sunt,
448 2921 539 2988 velut
559 2942 579 2984 a
600 2915 778 2986 Schaesero
800 2918 848 2984 ad
863 2916 1033 2983 Plutarch.
1054 2930 1134 2986 tom·
1157 2915 1210 2983 lv

143 3045 177 3111 p.
168 3025 271 3090 ..328
292 3060 337 3072 -
356 3020 457 3088 Recte
478 3036 587 3087 autem
608 3020 644 3086 in
664 3023 729 3085 fine
749 3017 848 3110 hujus
869 3017 906 3105 ἦ.
922 3017 1071 3085 codicum
1092 3019 1206 3086 lectio-

84 3171 87 3180 *
143 3141 222 3187 nem
241 3128 285 3186 τῶ
275 3147 366 3218 pro
387 3123 441 3188 τὸν
462 3140 605 3213 spretam
626 3145 695 3188 esse
716 3144 834 3204 nemo,
867 3119 1002 3208 opinor,
1031 3118 1206 3204 dubitabit,

143 3221 210 3288 nisi
237 3223 290 3287 cui
318 3226 401 3305 forte
428 3224 653 3292 Bernhardius
682 3221 825 3314 Syntax.
853 3246 886 3309 p.
920 3223 983 3286 103
1001 3221 1205 3326 persuaserit

143 3325 185 3390 de
206 3323 296 3390 modi
324 3347 362 3388 ac
383 3349 554 3392 mensurae
582 3326 693 3392 nescio
719 3324 811 3414 cujus
839 3305 1093 3411 significatione,
1122 3346 1204 3409 quae

126 3426 305 3498 ,inesseb
327 3425 387 3491 l.
374 3449 411 3490 ιιι
425 3424 493 3492 isto
516 3428 626 3494 dativo
647 3428 778 3494 videtur
798 3425 873 3494 vir‘o
894 3421 1100 3502 doctissimo,
1121 3447 1204 3511 quac

142 3538 253 3593 tamen
274 3527 330 3613 qui
337 3527 525 3593 conveniat
538 3530 713 3617 universae
734 3529 801 3594 loci
816 3525 994 3628 sententiae
1015 3547 1120 3611 neque
1142 3551 1203 3593 ex·

140 3629 249 3717 posuit
268 3628 342 3712 ille,
371 3651 485 3715 neque
516 3653 576 3714 ego
604 3630 773 3716 intelligo,
807 3615 873 3695 nisi
898 3629 962 3695 boo
981 3625 1079 3694 video
1103 3629 1202 3717 longo

141 3728 271 3797 diversa
291 3731 332 3796 ab
354 3753 393 3796 eo
415 3731 598 3820 comparari
615 3755 737 3817 quum
734 3734 849 3798 afferat
868 3731 1014 3827 primum
1027 3729 1200 3821 Aristopb.

139 3828 231 3895 Plus.
258 3828 319 3897 48:
355 3837 400 3920 τῳ
429 3837 520 3896 τοῦτο
547 3832 676 3916 κριίιιςι
713 3832 771 3898 ubi
788 3837 846 3919 ,τῷ
873 3847 921 3899 est
936 3832 1001 3908 ,τίνι
1026 3829 1199 3916 πράγματι,

139 3931 216 3996 dein
230 3931 379 4000 Acbarn.
403 3932 484 3999 711:
513 3939 558 4021 τῷ
577 3932 638 4018 peip
658 3931 753 4016 εἰκός;
781 3934 839 4000 ubi
859 3939 905 4020 τῷ
926 3949 974 4000 est
995 3933 1053 3998 slve
1074 3931 1200 4018 ἀνθρώ-

138 4055 204 4118 πῳ,
233 4033 317 4124 sicut
335 4035 405 4122 ¹bac
430 4034 502 4124 ipsa
528 4037 736 4124 paragrapho
764 4041 809 4122 τῷ
837 4027 891 4100 cdv
920 4033 960 4100 dr
979 4032 1067 4118 ὓμῶι
1088 4035 1213 4119 φανείηΔ

136 4130 246 4198 πιστόν
253 4162 266 4214 ,·

217 4234 258 4321 ᾗ.
280 4236 332 4304 16.
364 4233 442 4303 ὥστε
468 4235 548 4304 πολι)
574 4234 613 4322 δὴ
642 4242 763 4305 θᾶττον
789 4236 983 4334 διαθέμενοι.
1036 4233 1196 4324 Requirat
