2942 4842
241 315 337 392 ros
425 284 434 296 '
592 309 640 379 m
660 307 938 380 ommonem

239 483 382 552 nendam
400 480 478 550 falsi
497 477 678 548 testimonii
697 482 739 547 ab
766 480 955 550 adversario
975 495 1164 549 accusatur:
1196 504 1303 569 neque

240 585 331 653 euim
350 585 414 650 rite
431 608 471 650 ae
488 582 655 668 legitime,
681 582 738 649 sed
759 582 910 650 mulieris
926 582 1038 669 illius,
1060 605 1143 670 quae
1161 581 1306 650 Meneeli
1339 577 1343 588 ’

239 701 342 774 nupta
363 686 488 765 suerat,
525 682 682 750 instinctu
703 683 799 750 illam
816 684 1023 774 adoptionem
1048 685 1169 751 saetam
1193 707 1263 752 esse
1284 707 1304 752 a

240 807 318 855 sene
337 785 504 854 imbecillo
523 785 706 872 mentisque
721 808 788 852 non
806 784 883 852 satis
901 800 1067 876 compotes
1096 786 1208 872 quales
1225 786 1306 851 ado·

239 889 367 981 ptiones
398 889 508 974 legem
529 885 641 952 irritas
668 909 738 953 esse
764 885 931 977 jubere*).
1003 885 1164 954 Defendit
1190 900 1308 970 testem

242 1013 338 1058 suum
355 990 418 1056 hac
430 987 577 1056 oratione
588 986 695 1072 filins,
714 1001 826 1077 utpote
839 985 1002 1074 συνήγορος
1006 1035 1018 1067 ,
1046 1003 1077 1054 et
1094 988 1142 1054 ita
1160 987 1306 1074 quidem,

241 1107 280 1157 ut
295 1090 440 1178 primum
456 1089 589 1156 licuisse
599 1087 743 1154 Meneeli
760 1088 913 1178 adoptare
936 1113 1033 1176 qnem
1046 1091 1149 1157 vellet
1167 1090 1307 1155 demon·

242 1207 342 1276 stret,
370 1191 447 1258 dein
467 1189 521 1258 sni
536 1188 715 1279 adoptandi
735 1211 867 1256 eausam
890 1213 958 1256 non
980 1189 1160 1282 muliebres
1175 1189 1306 1257 blandi·
1448 1213 1449 1258 t

243 1292 306 1359 tias
334 1306 429 1379 atque
453 1292 629 1358 illecebras
656 1291 759 1358 fuisse
785 1289 948 1372 ostendat,
986 1291 1041 1359 sed
1063 1292 1169 1378 qnod,
1204 1315 1306 1378 quum
1441 1323 1444 1332 ·

243 1417 373 1460 neeesse
389 1409 471 1460 esset
485 1387 644 1476 Menecli,
666 1391 732 1468 nisi
748 1391 846 1482 plane
862 1375 1135 1459 orbua‘decedere
1154 1391 1307 1458 domum·

244 1518 307 1584 qne
326 1518 420 1562 snam
439 1518 579 1588 vaenum
598 1493 785 1581 relinquere
799 1495 916 1577 vellet,
931 1493 1045 1560 filium
1062 1493 1206 1581 aliquem
1225 1494 1306 1560 ado·

134 1653 138 1672 ,
244 1611 354 1684 ptare,
381 1619 479 1661 nemo
504 1596 605 1662 fuerit
625 1620 670 1662 ex
689 1595 880 1686 propinquis
905 1619 1001 1682 quem
1023 1596 1177 1684 adoptare
1199 1609 1309 1686 posset

244 1712 375 1783 praeter
394 1721 429 1762 se
448 1689 647 1783 fratremque
663 1721 772 1764 suum.
815 1695 927 1783 Neque
946 1720 1141 1784 quemquam
1158 1697 1308 1764 extitisse

244 1797 324 1868 vivo
349 1797 514 1879 Menecle,
551 1797 608 1884 qni
634 1798 698 1864 hoe
729 1797 799 1887 ejus
830 1796 1007 1866 consilinm
1035 1799 1307 1886 reprehendet-eu

187 1931 197 1954 ·
245 1897 416 1968 laudatum
434 1898 542 1986 potius
563 1897 666 1966 fuisse
683 1900 725 1966 ab
746 1899 910 1967 omnibns.
952 1899 1065 1988 Ipsum
1088 1923 1169 1967 vero
1190 1899 1309 1967 adver-

143 1995 147 2008 ’
247 2000 372 2068 sarium
405 2011 494 2066 tanto
524 1999 634 2066 minus
661 2001 784 2066 habere
809 2000 895 2088 quod
921 2001 1112 2066 damnosam
1137 2000 1309 2068 sibiliano

248 2101 458 2191 adoptionem
473 2101 575 2168 fnisse
587 2115 757 2188 queratur,
779 2102 865 2187 qnod
881 2102 1042 2193 majorem
1056 2103 1220 2170 bonorum
1231 2125 1310 2191 par·

249 2218 317 2270 tem
335 2201 415 2271 vivo
438 2200 507 2293 jam
524 2201 671 2268 Meneele
687 2225 748 2292 per
766 2201 860 2270 litem
881 2203 1068 2288 abstulerit,
1095 2216 1127 2271 et
1147 2225 1310 2293 perpauca

249 2317 379 2372 tantun
399 2304 441 2371 ab
462 2303 526 2370 hoe
544 2298 779 2394 postmortem
792 2304 907 2371 relicta
927 2304 1006 2374 sint.
1047 2303 1090 2374 In
1109 2303 1181 2394 ipsa
1201 2318 1313 2372 antem
1451 2289 1452 2306 ¹

249 2402 309 2472 illa
329 2403 409 2485 lite,
443 2428 545 2494 quum
572 2403 755 2472 amicorum
781 2405 919 2481 arbitrio
939 2429 992 2474 res
1021 2404 1110 2472 inter
1128 2404 1313 2472 Meneclem

246 2505 446 2593 fratremque
466 2522 730 2598 eomponenetnr,
752 2507 978 2577 adversarium
997 2507 1074 2592 sibi,
1093 2507 1164 2573 filio
1184 2505 1316 2594 adopti-

249 2630 313 2691 vo,
333 2607 386 2698 jas
406 2606 584 2698 jurandum
604 2607 730 2676 dedisse
741 2608 782 2674 de
802 2608 964 2678 servanda
984 2608 1020 2676 in
1040 2623 1207 2698 posterum
1227 2607 1315 2674 ami-
1452 2605 1453 2634 ³

252 2707 330 2776 eitia
357 2730 396 2775 ao
417 2708 542 2795 gratia,
570 2708 656 2796 quod
677 2709 807 2797 quidem
828 2730 896 2778 non
920 2709 1066 2780 facturus
1084 2707 1218 2792 luisset,
1244 2707 1316 2776 nisi

250 2808 312 2874 rite
341 2831 380 2874 ao
405 2807 553 2895 legitime
581 2810 772 2901 adoptatum
798 2809 986 2878 oensuisset.
1034 2808 1147 2896 Neque
1172 2832 1314 2878 verosa

252 2911 385 2999 propter
399 2909 612 2982 hereditatem
630 2908 736 3000 ipsam
750 2935 947 3000 magnopere
965 2910 1119 2977 reluctari
1127 2956 1140 2995 ,
1162 2933 1226 2996 quo
1246 2909 1316 2976 mi-

188 3035 191 3048 ·
253 3033 316 3076 nus
347 3011 479 3098 adoptio
507 3011 730 3095 rescindatur,
758 3012 813 3078 sed
843 3011 1000 3098 quoniam
1029 3027 1125 3097 turpe
1146 3010 1317 3078 existimet

254 3124 422 3178 mortuum
443 3113 591 3179 deserere
612 3112 705 3204 cnjus
726 3110 798 3180 viri
818 3113 905 3180 lilius
925 3112 1057 3179 habitus
1079 3112 1139 3179 eit.

341 3208 470 3280 Statum
497 3235 613 3278 eansae
639 3227 775 3300 apparet
800 3236 868 3280 esse
895 3215 1037 3301 legalem
1058 3227 1090 3278 et
1111 3211 1317 3305 conjectura-

255 3313 342 3380 lemt
374 3313 541 3399 quaeritur
570 3312 658 3380 enim
685 3313 846 3400 primuni,
873 3314 1046 3380 licueritne
1066 3313 1210 3379 Menecli
1231 3313 1313 3378 ado·

257 3425 367 3499 ptare;
393 3410 470 3478 dein
490 3412 596 3480 ritene
618 3437 655 3480 ae
674 3415 821 3500 legitime
841 3415 1023 3502 adoptarit,
1052 3439 1094 3481 an
1114 3413 1233 3480 mentis
1250 3413 1327 3486 ·de·,

259 3513 386 3580 bilitate
408 3527 441 3579 et
461 3514 610 3581 mulieris
628 3515 793 3582 illeoebris
814 3539 852 3582 ae
872 3515 1040 3584 blanditiis
1062 3529 1239 3603 permotus.

342 3610 404 3679 De
418 3626 565 3703 tempore
586 3616 716 3692 habitae
736 3617 895 3686 orationis
919 3618 1050 3706 aliqua,
1078 3617 1157 3684 lieet
1175 3613 1318 3701 lubrica,

327 3895 388 3936 non
404 3881 525 3939 videtur
532 3880 610 3960 jere
625 3885 748 3944 licuisse
754 3924 764 3952 ,
785 3887 838 3944 sed
853 3886 1009 3944 subeunda
1025 3885 1084 3940 rsit
1097 3884 1254 3954 atem,
1284 3888 1318 3938 ut

196 4023 198 4030 ,
328 3971 560 4039 testamentum,
591 3987 650 4042 quo
675 3972 809 4044 adoptati
826 3977 944 4042 essent,
970 3969 1172 4026 defenderent.
1205 3971 1318 4042 Quam·

221 4077 223 4084 ¹
328 4061 416 4122 quom
443 4051 499 4109 hos
522 4051 610 4109 etiam
638 4054 733 4111 nihilo
758 4055 856 4113 minna
889 4069 1110 4126 nonnunquam
1139 4052 1319 4122 dueuqulo

327 4133 397 4193 usos
414 4150 479 4192 esse
495 4139 634 4208 exempla
651 4137 767 4197 docent.
786 4137 825 4196 el.
840 4141 883 4197 de
895 4139 1036 4212 nleaeog.
1053 4141 1119 4196 her.
1135 4137 1167 4208 t.
1183 4138 1227 4196 tt.
1348 4147 1353 4154 '

23 4195 24 4210 i
127 4220 130 4230 ’
293 4234 322 4302 *l
339 4229 426 4294 (loni.
442 4236 577 4296 Bnnsen.
595 4255 627 4310 p.
643 4239 689 4296 tal.
