2846 4832
210 293 314 456 ἰιι
594 316 946 410 mortuorunt

241 513 369 586 eillime
397 513 430 578 et
461 506 646 578 certissime
673 506 808 588 luisset,
843 509 1040 598 phrotorum
1070 510 1307 601 testimoninm,

240 615 298 706 riui
318 612 424 682 liliam
444 611 540 678 illam
562 608 695 679 Gitonis
714 605 758 676 in'
773 611 894 678 tabulis
914 612 1003 698 suis,
1030 619 1076 701 τῷ
1096 620 1190 703 κοινῷ
1208 633 1304 701 γρᾱμ-
1404 611 1405 614 “

239 717 374 804 μαιεδῳ,
401 712 594 802 inscriptam
615 734 685 779 esse
705 726 915 780 testarentur.
959 712 1093 782 Etusus
1115 732 1199 783 esset
1220 717 1306 784 hand

27 807 38 818 ’
107 813 109 818 ’
240 819 339 889 dubie
359 818 421 884 lrae
442 813 633 904 probatione
652 811 783 893 Isaeus,
812 814 843 880 si
862 814 1040 905 potuisset,
1069 818 1104 884 h.
1128 841 1156 884 e.
1179 820 1210 884 si
1229 842 1307 886 vere

237 922 299 988 ille
329 919 364 986 in
385 915 555 1007 phratriso
583 915 705 982 tabulis
731 914 891 1006 inscripta
917 916 1045 985 fuisset.
1088 918 1184 986 Nune
1206 943 1306 1006 quum

237 1024 301 1090 hee
317 1021 357 1088 de
378 1043 414 1086 re
435 1017 533 1107 plane
555 1032 679 1101 taeeet,¹
704 1015 864 1084 omissum
879 1018 964 1084 illud
986 1017 1147 1088 aGirone
1162 1020 1304 1106 videtur,

238 1123 311 1192 sive
330 1145 392 1210 per
412 1117 647 1208 negligentiam
668 1117 740 1188 sive
759 1133 893 1208 propter
914 1120 1014 1194 aliam
1036 1144 1169 1190 eausam
1191 1145 1306 1210 quam·

239 1247 379 1312 cunque.
406 1258 450 1272 —
480 1218 535 1287 De
568 1234 735 1287 structura
763 1220 1033 1310 interrogationis
1067 1223 1219 1309 obliquae
1248 1247 1306 1313 per

239 1323 357 1414 ε1-ἢ
378 1345 440 1414 pro
462 1320 648 1388 eits-sl'es
669 1320 739 1390 viil.
761 1321 881 1391 Matth.
905 1348 956 1409 gr.
980 1323 1040 1392 Gr.
1062 1349 1095 1414 p.
1085 1324 1218 1406 ,12533
1249 1324 1305 1391 sed

238 1424 395 1498 notabilis
410 1439 458 1492 est
474 1421 617 1491 variatio
628 1423 748 1490 harum
761 1423 1011 1512 particularum,
1033 1448 1096 1512 que
1111 1423 1267 1494 leaenslr.
1280 1429 1305 1495 l.
1405 1467 1406 1490 t

237 1539 318 1598 n'sns
338 1523 838 1611 est.Magiseuamnorab110,
860 1524 985 1609 qood
974 1550 1010 1594 ιιι
1031 1528 1136 1592 altero
1157 1529 1305 1594 membro

235 1631 259 1718 ἢ
287 1658 323 1699 ev
355 1625 510 1713 «lixit,
498 1649 534 1692 ιιι
557 1623 708 1692 atsere*
689 1622 790 1710 ημή,
829 1628 914 1714 qued
937 1650 1001 1714 que
1029 1626 1157 1694 ratione
1179 1629 1308 1698 delendi

238 1733 359 1826 possit,
381 1752 449 1796 non
465 1725 544 1794 satis
559 1725 724 1816 intelligo.
768 1725 910 1794 Videtur
921 1727 1057 1796 omnino
1073 1727 1218 1797 illud*
1180 1754 1217 1795 ov
1235 1755 1306 1796 eor·

239 1850 375 1923 ruptum
396 1853 477 1898 esse.
514 1825 574 1896 Et
594 1842 855 1918 permutatamm
874 1827 962 1896 inter
981 1853 1017 1898 se
1037 1853 1057 1896 a
1077 1828 1227 1897 librariis
1249 1855 1306 1897 ne·

240 1936 412 2024 gationum
436 1931 588 2018 exempla
610 1953 677 1998 non
695 1953 770 1996 rare
786 1943 874 1998 sunt.
916 1923 1393 2000 vid.va1·.1ecs.ad0r.'

121 2095 124 2104 .
212 2043 216 2050 “
240 2040 282 2105 de
292 2035 453 2118 Dreaeog.
472 2032 545 2098 lrer.
568 2029 608 2117 ὓ.
624 2029 677 2099 14.
695 2030 839 2100 Philoet.
856 2033 928 2100 her.
950 2031 987 2122 ᾗ.
1005 2035 1039 2100 2.
1057 2031 1216 2124 Apellei.
1234 2034 1305 2101 her.

241 2146 278 2222 9.
297 2138 353 2208 28.
374 2132 548 2226 Astyphil.
570 2133 644 2200 her.
667 2132 704 2226 ἦ.
726 2135 760 2200 7.
835 2213 838 2218 ¹

275 2273 278 2284 ι
325 2238 362 2326 ᾧ.
385 2235 439 2303 10.
464 2233 658 2326 imperitior
688 2229 793 2310 αὐτοῖς
823 2229 982 2330 πιστεῦῃιε
1003 2239 1070 2300 κτλ.
1112 2233 1158 2304 Η.
1182 2259 1212 2304 e.
1239 2237 1306 2324 Quo

122 2357 135 2388 ι
240 2341 340 2428 magas
358 2337 485 2404 testibus
504 2335 579 2402 meis
589 2334 696 2424 fidem
717 2336 889 2416 taonem,
919 2336 949 2402 a·
966 2337 1133 2404 testimonii
1159 2338 1209 2402 sesi
1226 2337 1307 2403 veri·

126 2465 130 2474 ·
180 2479 187 2488 ·
240 2457 339 2512 tatem
358 2463 420 2508 nort
436 2439 570 2526 posthae
590 2437 710 2504 densam
726 2437 863 2524 probare
880 2439 990 2524 parati
1009 2451 1128 2524 essent,
1159 2435 1219 2504 led
1233 2439 1307 2526 jen

241 2569 323 2642 nane
338 2542 532 2632 probassent.
576 2536 650 2606 lloe
670 2561 739 2606 uon
760 2538 872 2606 dubito
894 2538 975 2627 quin
996 2537 1109 2607 multis
1130 2539 1307 2607 obscurum

239 2649 391 2716 futurum
420 2641 481 2728 sit,
507 2640 550 2708 iis
576 2636 710 2728 quidem
736 2655 840 2724 eerte,
872 2639 929 2727 qni
957 2640 993 2707 in
1020 2637 1124 2708 simili
1145 2642 1306 2708 sententis
1404 2663 1405 2672 ¹

155 2807 157 2814 ,
240 2747 326 2839 apud
357 2745 552 2836 Lycurgum
579 2741 618 2808 in
644 2741 772 2809 Leoer..
796 2764 868 2829 cap.
890 2742 912 2808 9
943 2729 1038 2808 miris
1067 2742 1176 2808 modis
1204 2767 1307 2833 nuper

241 2860 413 2930 errarunt,
440 2859 472 2912 et
485 2867 527 2910 na
541 2842 721 2910 indicatam
737 2842 870 2930 quidem
886 2865 999 2911 veram
1016 2841 1108 2910 viam
1129 2867 1306 2931 agnoscere

240 2963 429 3044 potueruut.
469 2929 596 3033 Nempe
624 2945 686 3011 hoe
707 2943 840 3031 quidem
868 2943 946 3011 satis
968 2946 1104 3032 planum
1126 2969 1196 3010 esse
1219 2945 1306 3012 arbi·

123 3107 134 3116 .
174 3037 175 3046 ¹
241 3070 329 3136 aron,
362 3071 427 3136 quo
447 3069 546 3114 sensu
567 3059 662 3110 testes
686 3045 848 3128 pilleatae
876 3041 984 3112 δώσειν
1004 3043 1123 3131 ἔλεγχοι
1143 3046 1305 3132 dieantur,

241 3151 362 3243 qnippe
390 3169 477 3246 quoe
494 3143 672 3213 testimonii
699 3147 751 3214 sui
778 3146 951 3216 veritatem
973 3162 1159 3238 praestare,
1192 3147 1221 3214 si
1242 3147 1307 3214 im

240 3266 431 3347 pugnetur,
456 3261 603 3336 oporteat
622 3247 659 3313 in
679 3247 804 3340 judicio
825 3250 1114 3336 ψευδομαρτυριῶν.
1158 3239 1305 3335 Quicun-

241 3381 305 3446 que
331 3351 436 3442 igitur
455 3373 516 3440 pro
542 3351 624 3416 testa
644 3350 847 3437 loquitur,
835 3376 864 3419 ιι
885 3375 921 3418 se
934 3347 1123 3448 testimonii
1143 3350 1195 3417 sui
1215 3349 1303 3428 reri·

241 3473 340 3526 tetam
370 3465 538 3542 praestare
559 3474 597 3518 ae
622 3452 783 3542 probare,
815 3451 844 3520 si
866 3439 949 3542 opus
973 3445 1035 3570 ait,
1064 3466 1238 3541 paratum
1237 3476 1304 3519 esse

241 3555 394 3627 ostendit.
438 3549 505 3621 sed
527 3576 590 3641 qus
610 3553 742 3620 tandem
763 3553 907 3640 ratione,
935 3553 992 3641 qui
1013 3577 1128 3620 servos
1143 3551 1186 3620 sd
1209 3577 1306 3641 quae·

241 3661 383 3729 ationem
404 3654 480 3722 dedi
506 3652 705 3746 postulavit,
735 3655 835 3722 hae
823 3678 895 3744 epse
916 3679 954 3722 re
981 3667 1077 3723 testes
1099 3678 1177 3721 suos
1199 3654 1304 3721 dicere

214 3776 349 3853 potest
378 3757 504 3846 ἔλεγχοι
517 3757 681 3824 δεδωκέναι
706 3758 774 3843 mpl
803 3745 847 3822 ὧν
866 3757 1079 3845 μαρτιιροὖσι1
1108 3756 1304 3823 Tenendum

241 3878 290 3931 est
310 3861 435 3950 igitur,
467 3859 497 3928 si
524 3859 598 3948 quis
627 3882 740 3950 earum
770 3883 882 3926 rerum
904 3883 1018 3944 eausa,
1051 3881 1192 3946 quarum
1208 3873 1304 3924 testes

241 3965 458 4057 proiecturus
486 3977 576 4060 erat,
610 3959 710 4029 etiam
732 3956 905 4038 deservis
936 3958 1161 4049 quaestionem
1192 3958 1305 4037 haberi

195 4089 202 4100 ·
241 4070 361 4154 vellet,
398 4068 485 4133 hane
511 4062 553 4129 ad
580 4085 651 4128 rem
680 4061 780 4128 etiam
809 4061 898 4152 ipsos
924 4059 1002 4128 illos
1029 4075 1130 4128 testes
1157 4059 1305 4127 adhiberi

240 4157 376 4254 solitos,
411 4163 596 4252 etquidem
625 4163 689 4247 ita,
719 4178 776 4248 ut,
808 4183 908 4252 quum
929 4178 1124 4251 provocaret
1154 4155 1306 4230 adversa-

241 4273 331 4338 rium
348 4268 521 4336 aenerves
536 4265 591 4336 vel
605 4265 809 4334 exhibendos
824 4267 880 4334 vel
894 4264 1118 4357 accipiendos,
1141 4255 1219 4332 hiric
1230 4286 1307 4355 pro·
