2910 4830
428 271 492 340 ιιι
512 220 694 358 croam
705 219 1024 383 ιιιιιιιιιιιιι
1202 280 1267 349 ιιι
1305 249 1316 266 '
1377 303 1392 346 .·
1410 229 1443 242 ’”

198 439 372 516 uindiciis-
386 435 472 506 elane.
494 465 523 508 o.
541 441 603 508 94.·
594 439 848 528 ·ιιατι’στησ,ε’
810 467 961 530 τυραννον
982 441 1067 510 εἶναι.
1089 433 1168 530 Vll,
1184 432 1262 514 154

197 537 405 626 ιἰπιδέχθηῗ
376 549 453 607 trac
469 544 634 628 ἵππαρχος.
871 575 874 584 ·

247 642 319 732 6.
342 644 396 713 33.
426 648 529 731 πολλῷ
559 644 650 711 πλέον
681 639 736 730 τῆς
756 645 943 730 λήξεως-
900 642 1121 731 -σῦγκειται
1143 645 1258 723 αὐτοῖς.

175 819 179 830 ¹
196 743 292 831 Quae
313 744 377 810 lroc
396 745 471 810 loco
492 747 653 814 sententia
673 747 860 834 requiratur
881 747 1090 813 manifestum
1117 763 1197 814 est„
1220 747 1261 815 ln

194 845 352 936 petitione
379 845 569 914 hereditatis
589 849 753 915 Xenocles
784 871 923 914 uxorem
952 871 1046 914 suam
1066 847 1187 914 Philon
1209 850 1260 916 di·

195 962 308 1028 xerat;
339 962 451 1035 postes
472 953 588 1014 autem
602 949 637 1015 in
658 951 936 1036 ψευδομαρτυριῶν
960 947 1083 1042 jndicio
1104 949 1259 1044 Lysime-

194 1071 252 1114 nes
284 1046 419 1138 ejusque
447 1050 572 1145 fratres
589 1048 782 1117 Glitaretam
813 1073 885 1116 eam
906 1073 925 1115 a
945 1066 1037 1139 patre
1058 1045 1273 1140 appellatam

194 1148 335 1237 professi
356 1159 459 1218 erant.
501 1150 541 1230 ld
562 1154 736 1218 confictum
757 1175 826 1218 esse
847 1165 962 1216 orator
979 1151 1197 1236 demonstrat,
1226 1168 1258 1221 et

194 1249 326 1335 quidem
354 1265 430 1339 post
448 1249 628 1319 institutam
648 1251 838 1318 hereditatis
859 1252 1070 1341 petitionem
1104 1253 1254 1339 alioquin
1296 1299 1310 1316 .

193 1352 356 1419 Xenocles
385 1350 484 1420 etiam
515 1354 551 1418 in
571 1354 686 1422 libello
707 1377 776 1419 non
795 1343 917 1421 Plrileu
939 1377 1011 1420 eum
1032 1352 1088 1420 sed
1111 1345 1254 1422 Clitarc-

192 1468 261 1519 tam
290 1467 449 1521 vocasset.
496 1454 610 1546 ltaque
639 1453 669 1522 si
689 1456 848 1526 sufficeret
877 1456 949 1520 loco
977 1453 1122 1520 sanando
1143 1454 1178 1520 id
1199 1479 1253 1521 re-

192 1575 334 1644 ponere,
355 1555 440 1641 quod
463 1578 575 1622 sensus
597 1555 753 1642 requirit,
773 1561 876 1643 πολλῷ
896 1553 1024 1639 ὕστερον
1044 1555 1254 1624 scribendum

191 1677 262 1721 esse
275 1679 351 1721 cum
366 1655 505 1724 Reiskio
524 1657 764 1725 contenderem.
807 1657 892 1724 Nam
914 1657 998 1742 quod
1016 1655 1253 1773 Bernhardyus

117 1845 128 1854 -
190 1751 334 1845 Sydtax.
363 1782 397 1847 p.
421 1757 485 1824 138
513 1762 619 1846 πολλῷ
645 1764 701 1844 τῆς
738 1755 849 1842 λήξεως
884 1757 1095 1845 interpretari
1119 1758 1254 1825 videtur

189 1859 285 1922 rnulto
312 1871 384 1942 post
417 1861 527 1960 λῆξιν
563 1872 721 1978 tempore,
760 1883 878 1926 vereor
907 1871 945 1923 ut
973 1857 1108 1950 probari
1138 1859 1251 1946 possit

187 1955 232 2024 Et
260 1958 339 2045 quid
366 1961 422 2026 liet
451 1955 675 2049 comparativo
703 1960 818 2028 nidor?
859 1981 956 2049 quem
985 1957 1142 2030 Reiskius
1176 1961 1250 2030 loco
1311 2011 1319 2020 ,

188 2081 251 2125 suo
270 2074 397 2126 motum
419 2075 451 2126 et
470 2061 551 2128 inlr.
574 2061 610 2153 6.
622 2065 676 2129 36
696 2063 806 2131 verbis
827 2063 861 2126 τί
877 2061 936 2146 γὰρ
958 2056 1126 2144 ἔμελλεν
1099 2085 1174 2124 unm
1195 2061 1250 2125 in

184 2161 362 2254 serendum
392 2163 536 2250 putavit,
561 2163 620 2234 ubi
645 2187 739 2230 nunc
753 2162 885 2252 quidem
906 2160 1102 2250 exoptimis
1124 2162 1249 2228 duobus

186 2261 355 2333 codicibus
376 2260 487 2348 ὄφελος
506 2263 670 2330 insertum·
693 2279 758 2337 est„
796 2259 995 2353 corruptum
1015 2262 1119 2346 igitur
1138 2264 1248 2328 locum

142 2403 148 2409 -
185 2376 336 2428 nostrum
366 2386 436 2431 esse
463 2364 687 2431 manifestum
706 2382 774 2445 est;
814 2363 943 2459 dorspor
979 2384 997 2428 a
1030 2364 1222 2430 librariis'
1210 2387 1247 2430 ιιι

184 2464 287 2531 πλέον
296 2465 510 2554 depravatum
531 2489 600 2532 esse
620 2467 681 2533 vix
702 2467 859 2534 credibile
879 2465 1033 2562 videtur,
1062 2473 1102 2529 ut
1119 2463 1248 2530 etiamsi
1322 2465 1326 2472 “

183 2565 270 2633 illud
295 2590 458 2655 reponas,
493 2567 641 2633 nondum
668 2583 777 2650 tamen
807 2581 1015 2656 personatum
1036 2557 1156 2631 vulnus
1185 2566 1246 2630 ha·

183 2668 257 2734 beri
284 2667 470 2759 possit.-
497 2667 660 2753 Σύγκειται
690 2667 779 2734 idem
806 2691 876 2734 esse
897 2685 946 2734 ac
982 2665 1156 2731 πέπλασται
1183 2665 1246 2732 vix
1271 2671 1274 2676 '

185 2792 265 2859 opus
278 2784 326 2836 est
345 2792 489 2837 monere.
533 2768 586 2837 cf.
600 2769 684 2861 Lys.
706 2771 782 2836 adr.
801 2766 931 2838 Simon.
954 2794 987 2858 p.
1011 2765 1120 2835 149.
1108 2789 1144 2832 ιιι
1160 2765 1244 2834 liro·

183 2872 283 2938 tosth.
306 2896 339 2960 p.
361 2869 436 2937 416.
812 2906 815 2912 -

269 2972 306 3059 6.
329 2969 489 3039 34111
512 2969 691 3046 οἰκειότατοι
710 3009 754 3024 --
770 3009 921 3026 ---·
941 2975 996 3058 τῆς
1018 2966 1124 3034 αὑτοῦ.
1151 2967 1244 3036 llaec

158 3060 217 3139 =‘et
242 3073 357 3139 durius
371 3086 373 3092 '
388 3073 571 3141 constructa
582 3120 594 3159 ,
624 3099 728 3162 neque
755 3074 834 3142 satis
861 3071 1065 3147 considerate
1084 3069 1170 3134 diota
1190 3066 1243 3135 vi·

86 3203 88 3207 ¹
183 3175 312 3244 dentur.
356 3173 564 3261 Quamquam
584 3177 674 3243 enim
692 3174 759 3266 ᾔδει
779 3174 941 3261 singulari
957 3194 1111 3255 numeroj
1142 3193 1242 3266 quum

179 3277 292 3365 plures
324 3290 398 3344 ante
428 3275 506 3343 dicti
537 3277 625 3358 sint,
656 3277 821 3344 neminem
841 3275 914 3364 jure
935 3273 1079 3344 offendat
1109 3255 1166 3358 (cl.
1200 3269 1240 3334 ad

179 3400 229 3442 or.
252 3375 379 3462 dcllsg
360 3401 415 3443 ιι.
438 3377 510 3445 her.
536 3383 569 3466 6.
586 3381 668 3466 1o.),
689 3380 754 3445 hoc
774 3395 883 3448 tamen
906 3377 1043 3459 durum,
1074 3372 1160 3460 quod
1182 3375 1238 3452 τῆς

102 3509 104 3513 ·
180 3473 277 3542 αιιτιιῦ
298 3430 447 3574 additur,
475 3481 670 3568 pronomine
696 3503 785 3576 non,
811 3493 847 3544 nt
867 3501 928 3572 par
948 3491 1036 3555 erat,
1042 3473 1104 3540 ad
1125 3471 1241 3562 proxi·

177 3601 271 3646 mum
310 3579 405 3684 verhi
437 3580 635 3668 subjectum,
672 3567 713 3651 ad
746 3595 904 3662 matrem,
938 3577 994 3644 sed
1024 3576 1064 3641 ad
1098 3584 1239 3664 patrem,
1333 3641 1337 3650 ,

177 3675 340 3746 omnium
359 3681 639 3766 remotissimum,
672 3685 790 3752 relato.
837 3679 950 3770 Ipsum
968 3691 1091 3744 ¹autem
1112 3689 1239 3772 patrem
1303 3693 1305 3706 ·

143 3780 301 3871 ‘minna
322 3782 377 3850 hic
398 3784 653 3856 commemorari
672 3808 799 3852 censeo.
842 3782 908 3850 Hic
930 3781 1019 3846 enim
1040 3791 1114 3844 ante
1136 3795 1238 3842 annos
1271 3820 1272 3828 ι
1303 3869 1308 3880 ὶ

176 3881 340 3970 amplius
347 3883 469 3970 viginti
500 3886 700 3982 decesserat,
728 3885 826 3956 Phile
849 3897 957 3953 autem
979 3893 1054 3948 octo
1072 3879 1142 3944 lere
1164 3887 1239 3942 ante

174 3983 262 4048 hane
281 3983 377 4050 litem
398 3986 494 4057 annis
514 4000 686 4077 nupserat,
716 3988 908 4074 duodecimo
929 3982 1034 4072 igitur
1053 3994 1127 4079 post
1146 3974 1238 4042 illius
1305 4022 1311 4038 .

172 4081 300 4152 obitum
341 4103 444 4174 anno,
482 4089 693 4179 quamobrem
723 4069 887 4156 Xenocles
917 4109 937 4156 a
974 4097 1078 4196 patre·
1103 4076 1240 4164 quidem

48 4205 57 4224 ⁸
176 4184 294 4257 uxoris
310 4207 394 4254 suae
415 4207 537 4258 nomen
558 4189 733 4258 resciscere
753 4191 847 4258 nollo
868 4185 966 4257 modo
987 4177 1110 4274 potuit,
1135 4199 1239 4265 nequo
