2846 4832
234 301 238 314 ,
322 269 386 338 nn
406 242 661 340 ASTYi’fflLI
680 263 996 392 neuemrsrn.
1127 274 1192 343 tor

125 450 174 504 est
189 437 254 504 ⁷01.
276 433 447 522 xcv1,a
473 461 504 504 a.
528 434 567 504 0.
589 437 664 526 395,
696 463 796 524 quum
817 438 1036 536 Athenienses
1056 441 1189 508 foedere

106 560 203 610 xenm
233 536 405 604 Thebanis
438 539 524 607 facto
554 553 668 605 eontra
696 538 975 608 Lacedaemonios
1005 560 1188 630 pugnarent
1220 551 1226 557 '

126 637 212 726 apud
226 637 429 707 Haliartum.
451 637 532 708 Vid.
551 638 707 728 Xenoph.
723 642 748 709 l.
765 643 792 712 l.
814 639 878 725 ΠΙ,
899 640 933 726 5,
953 643 994 708 16
1016 667 1086 729 sqq.
1108 643 1188 710 Wi-

124 738 273 807 niewski
293 762 414 807 eomm.
437 738 474 804 Ιιι
490 738 664 824 Demosth.
687 765 737 807 or.
760 742 801 807 de
821 765 890 808 cor.
913 767 946 830 p.
963 744 1017 810 20.
1034 742 1185 810 Voemel.

124 838 165 910 ad
180 838 356 908 Demosth.
369 838 520 929 Philipp.
543 841 560 906 Ι
580 867 613 932 p.
635 840 709 908 174.
755 840 833 908 Fuit
851 843 914 908 hoe
930 840 1095 910 Corinthii
1107 845 1187 910 helli

122 939 275 1023 initium,
302 955 383 1008 teste
403 941 568 1008 Pausania
589 940 654 1027 ΙΙΙ,
676 945 708 1027 9,
730 946 768 1025 6;
799 942 887 1009 nihil
908 958 1019 1009 tamen
1037 943 1186 1033 impedit,

123 1048 188 1128 quo
214 1041 324 1108 minus
352 1044 438 1108 hane
465 1058 593 1132 partem
624 1044 724 1109 etiam
754 1042 888 1133 proprio
919 1044 1073 1110 Thebani
1092 1039 1185 1112 helli

122 1142 256 1229 nomine
278 1142 481 1232 designatam
502 1167 572 1210 esse
593 1144 782 1210 credemus:
813 1159 844 1210 et
862 1143 1053 1212 Boeoticum
1073 1149 1184 1236 appel·
1313 1159 1315 1166 '

121 1245 170 1319 lat
189 1241 358 1310 Diodorus
378 1243 474 1324 XIV,
495 1245 549 1312 81.
566 1283 614 1327 ¹-
634 1244 795 1311 Proximo
816 1259 926 1318 autem
947 1247 1024 1334 post'
1038 1271 1184 1335 pugnam

121 1343 323 1412 Haliartitm
342 1368 430 1410 anno
451 1360 621 1412 revocatus
643 1370 687 1411 ex
706 1345 789 1411 Asia
805 1337 982 1434 AgestTauls
1001 1343 1112 1434 ⁴quum'
1124 1372 1184 1437 per

122 1444 334 1512 Thessaliam
354 1445 419 1511 iter
439 1447 561 1530 faceret
582 1445 732 1511 conflixit
753 1470 828 1512 cum
849 1447 1022 1514 Thessalis
1043 1447 1183 1514 Boeoto·

120 1571 196 1612 rum
219 1547 328 1614 sociis.
376 1547 486 1633 Atque
514 1547 580 1612 hue
599 1548 763 1638 pertinere
785 1547 943 1637 arhitror,
976 1549 1062 1635 quod
1084 1548 1186 1617 etiam

120 1648 156 1713 in
178 1647 387 1726 Thessaliam
400 1647 597 1738 Astyphilus
619 1648 796 1736 militatum
815 1650 934 1715 abiisse
956 1649 1095 1717 dicitur:
1123 1674 1183 1718 ve·
1219 1669 1226 1684 ·

121 1746 261 1852 risimile
288 1763 336 1814 est
365 1749 455 1814 enim
486 1762 542 1813 ant
570 1749 673 1814 accita
695 1773 716 1814 a
735 1749 906 1818 Thessalis
926 1748 1183 1817 Atheniensium

120 1873 247 1936 quoque
268 1848 407 1934 auxilia,
437 1863 493 1914 aut
512 1848 601 1936 ipsos
619 1848 859 1936 Athenienses,
889 1874 989 1938 quum
1008 1852 1182 1941 praevide·

119 1965 194 2016 rent
214 1950 408 2047 Agesilaum
429 1973 488 2039 per
509 1947 752 2017 Thessaliam
741 1967 804 2017 ster
832 1953 1015 2038 facturum,
1043 1953 1084 2018 ad
1105 1957 1195 2020 eum

92 2035 297 2126 'arcendum
324 2052 433 2141 oopias
460 2050 605 2118 misisse.
641 2075 837 2140 quamquam
864 2041 1051 2143 Xenophon
1081 2053 1180 2142 hujus

119 2153 169 2226 rei
188 2153 390 2220 mentionem
419 2175 484 2218 non
513 2152 608 2235 faeit3
640 2154 695 2218 sed
719 2170 828 2230 tamen
847 2153 1077 2239 Agesilaum
1064 2179 1103 2222 ιιι
1126 2155 1180 2234 in

118 2279 233 2341 gressu
253 2254 408 2321 Boeotiae
437 2231 537 2318 etiam
563 2202 792 2320 Adhenienses
811 2255 875 2319 sihi
900 2255 1075 2343 oppositos
1083 2256 1179 2324 inve·

118 2351 665 2444 nissensrratHell.lV,3,1h.
686 2355 816 2441 Agesil.
839 2378 868 2420 c.
890 2355 971 2443 Ν.
994 2357 1092 2422 6.-

117 2457 261 2523 rinthiae
291 2455 454 2546 denique
461 2451 685 2543 expeditiones
713 2455 826 2546 plures
862 2455 997 2520 fuerunt
1027 2453 1105 2520 inde
1113 2353 1178 2520 cab

83 2615 88 2628 .
118 2558 258 2648 Olymp.
285 2555 413 2641 xcvi,
441 2557 515 2622 da.
539 2552 579 2620 G.
601 2553 666 2622 394
693 2579 795 2642 nsque
822 2553 863 2620 ed
891 2552 1084 2642 proximum
1103 2570 1177 2621 onte

115 2661 211 2726 illam
224 2658 476 2750 Mytilenensem
498 2679 622 2724 aunum
631 2701 644 2738 ,
672 2678 715 2723 ex
731 2655 848 2743 quihus
870 2653 1001 2720 cuinam
1014 2653 1178 2746 Aetyphi·

115 2763 169 2828 lus
200 2774 231 2825 et
251 2759 353 2826 unine
382 2782 424 2826 an
449 2756 601 2848 pluribus
627 2755 815 2823 interfuerit
844 2779 912 2821 non
933 2755 1011 2822 satis
1031 2769 1175 2852 apparet.

116 2857 190 2950 Hoc
215 2876 325 2927 autom
351 2859 455 2947 liquet
482 2870 646 2924 oratorem
674 2858 711 2924 Ιιι
740 2856 969 2936 enumerandis
998 2835 1051 2924 his
1081 2855 1176 2922 bellis
1269 2861 1285 2894 ”

115 2986 183 3048 non
210 2963 366 3052 temporis
395 2961 551 3052 ordinem
573 2975 745 3046 sequutum
771 2958 827 3028 aed
856 2982 893 3024 ea
921 2957 1028 3049 polius
1050 2957 1176 3024 ratione
1236 2957 1241 2968 '

115 3087 212 3130 usum
228 3089 278 3148 ess
264 3089 316 3148 se,
343 3063 541 3154 utprimum
556 3060 742 3130 nominaret
762 3060 847 3147 quod
867 3059 920 3125 illi
931 3060 1080 3148 tempori
1098 3081 1177 3149 pro-

114 3164 246 3231 ximum
272 3180 373 3250 esset,
399 3181 563 3255 postremo
591 3176 700 3229 autem
725 3163 818 3246 loon,
849 3159 1049 3248 quod'esset'
1067 3183 1177 3226 remo·

115 3257 293 3334 tissimu'm.
361 3297 364 3302 ·
758 3282 762 3294 ·

82 3511 89 3524 .
117 3543 121 3554 ,
199 3467 236 3558 ᾖ.
252 3468 283 3535 1.
308 3465 389 3534 Sine
410 3468 578 3558 prooemio
599 3467 794 3554 statimrem
816 3464 921 3554 ipsam
943 3461 1038 3530 brevi
1059 3451 1182 3527 uarrass

113 3570 202 3636 tione
229 3569 376 3635 indicare
405 3583 437 3634 et
458 3594 540 3656 quae
569 3565 764 3659 probaturus
792 3566 835 3632 sit
854 3587 1037 3656 proponere
1058 3587 1175 3651 aggre-
1270 3551 1275 3624 ᾗ
1361 3597 1406 3666 ¹,

113 3671 214 3737 ditur:
257 3670 315 3737 Est
333 3685 441 3736 autem
462 3672 607 3742 narratio
626 3667 800 3760 ejusmodi,
829 3689 911 3752 quae
927 3666 998 3755 ipsa
1016 3665 1175 3752 quodam·

112 3772 212 3844 modo
229 3770 391 3860 prooemii
410 3773 485 3838 loco
506 3765 622 3837 haberi
644 3771 779 3854 debeat,
815 3783 915 3854 quum
936 3767 1087 3858 adjuncta
1109 3764 1177 3831 sint

112 3873 193 3962 satis
225 3873 348 3957 multa,
383 3895 466 3959 qnae
501 3887 534 3937 et
572 3889 729 3938 attentum
760 3869 964 3955 docilemque
994 3867 1177 3934 auditorem

62 3993 67 4002 '
112 3956 221 4042 iacere
242 3989 273 4038 et
303 3973 480 4040 conciliare
502 3973 623 4039 dicenti
642 3973 797 4090 possint,
823 3971 940 4059 quibus
961 3971 1058 4036 rebus
1079 3990 1192 4033 omne.

112 4074 276 4165 prooemii
297 4075 474 4142 eonsilium
495 4074 658 4141 contineri
679 4088 712 4140 et
732 4097 785 4138 res
805 4073 877 4160 ipsa
898 4071 991 4137 docet
1013 4083 1045 4134 et
1064 4069 1176 4132 rheto·
1207 4069 1210 4076 “

114 4198 168 4272 ¹res
189 4175 411 4282 praecipiunt.
446 4175 557 4294 lgitur
578 4177 641 4243 hoo
662 4191 788 4263 quoque
802 4173 1028 4259 Quintilianus
1042 4167 1179 4236 monuit
