2942 4842
269 391 332 459 178
622 385 670 452 ΙΝ
692 379 972 452 ΟΒΑΤΙΟΝΕΜ

147 563 155 582 “
242 617 246 630 ,
270 581 373 636 cassu,
395 527 642 645 imperfectum,
663 521 926 628 volnissel'acere
940 549 995 616 secl
1012 573 1079 615 non
1094 545 1335 640 perfecisse,·-
1443 605 1445 614 ,

269 683 388 727 vereor
399 672 435 723 ut
449 655 527 750 satis
541 667 628 721 recte
641 653 765 719 (lictum
780 652 835 719 sit.
880 651 936 736 [cf.
953 649 1083 734 Selenes.
1106 650 1146 715 ad
1161 649 1333 718 Plutarch.

270 761 317 827 T.
337 757 401 826 lv.
423 783 456 846 p.
473 758 537 822 397
558 758 624 842 οφ]
649 753 748 820 llecte
763 767 873 818 autern
887 751 1084 820 Schaelerus
1107 749 1333 818 arlDemostlr.

268 839 299 928 l.
329 886 361 950 p.
389 861 453 924 337
474 857 553 923 talia
574 857 676 923 verba
698 854 738 920 tle
768 868 843 920 actu
868 853 1023 920 inchoato
1045 853 1101 920 sed
1130 853 1171 919 ob
1193 852 1336 941 impedi·
1462 915 1463 920 ,

271 976 380 1028 menta
402 960 510 1025 oblata
533 981 600 1030 non
622 956 662 1022 ad
686 959 837 1022 effectum
849 956 1005 1044 perducto
1026 953 1203 1041 intelligit3
1231 953 1336 1039 igitur

271 1063 328 1151 qui
355 1061 502 1127 absolute
534 1057 711 1144 eloquitur,
742 1055 917 1144 aliquando
946 1081 981 1154 r.
1004 1058 1107 1123 semel
1135 1055 1278 1141 aliquem
1298 1055 1333 1121 id
1462 1087 1463 1090 ¹

272 1163 378 1248 egisse
399 1176 435 1227 ut
462 1158 586 1246 aliquid
616 1159 755 1241 faceret,
788 1157 911 1225 aoristo
939 1171 1068 1241 utetur;
1096 1155 1153 1245 qui
1183 1155 1334 1241 relative,

272 1265 416 1350 aliquem
433 1287 493 1352 per
509 1260 641 1347 aliquod
659 1273 786 1349 tempus
797 1283 838 1354 r.
849 1258 977 1348 saepius
989 1258 1106 1344 egisse,
1128 1257 1333 1348 imperfecto.

293 1387 297 1396 ’
357 1361 457 1438 οὓτως
488 1359 545 1425 ὑπ’
579 1359 679 1427 αὐτοῦ
705 1360 875 1445 σωφρόνως
903 1357 1140 1443 ἓνταιόευόμεθιι.
1210 1359 1335 1426 Eodem

272 1465 371 1533 modo
398 1461 479 1528 οὕτω
507 1486 526 1527 a
554 1485 613 1529 sua
640 1486 721 1528 voee
748 1461 945 1551 diremptum
971 1461 1007 1527 in
1039 1485 1089 1528 or.
1114 1462 1153 1528 de
1174 1460 1334 1550 Apollod.

63 1591 72 1608 ·
158 1623 160 1628 .
199 1603 201 1608 ¹
270 1568 344 1633 λιες.
367 1565 404 1652 ξ.
426 1567 469 1630 21
500 1561 599 1638 οὕτως
620 1561 723 1627 αὐτῶν
745 1564 883 1648 φανερῶς
897 1562 1130 1646 πεπραγμένων.
1172 1561 1252 1628 Alia
1275 1571 1350 1627 ex·v
1462 1565 1463 1592 ³

274 1669 381 1757 empla
411 1665 482 1732 vid.
514 1690 566 1754 ap.
599 1661 770 1731 Schaeser.
802 1661 844 1728 ad
871 1661 1044 1731 Demosth.
1076 1663 1124 1731 ll.
1157 1689 1191 1753 p.
1212 1660 1277 1728 234
1304 1678 1337 1728 et

273 1770 347 1834 297.
370 1805 414 1817 -
435 1764 593 1834 Solebam
623 1780 732 1831 autem
752 1765 909 1854 permulti
929 1767 1027 1832 etiam
1049 1791 1067 1832 e
1087 1765 1273 1856 junioribus
1293 1764 1335 1829 ad

272 1870 369 1934 istam
384 1867 421 1933 in
429 1866 560 1958 judiciis
578 1861 726 1950 ἀκρόασιν
741 1869 916 1932 confluere.
939 1866 1097 1933 Aeschin.
1111 1866 1148 1933 in
1160 1867 1195 1933 T
1195 1865 1336 1934 imarch.

273 1994 306 2058 p.
331 1971 404 2035 133.
433 1965 497 2051 iqui
523 1965 557 2031 όέ
583 1966 715 2043 πολλοὺς
740 1968 797 2049 μὲν
823 1971 886 2031 τῶν
906 1968 1062 2052 νεωτέρων
1088 1964 1338 2052 προσεστηκότας

275 2070 354 2154 πρός
381 2074 427 2156 τῷ
453 2070 641 2156 δικαστηρίῳ
669 2107 713 2121 -
740 2068 985 2154 συνειλεγμένους
1011 2071 1058 2133 lul
1088 2069 1144 2153 τὴν
1175 2064 1335 2152 ἀκρόασιν.

141 2167 148 2178 ’
276 2169 329 2238 cf.
360 2170 450 2238 Plut.
483 2169 540 2236 vit.
567 2168 741 2236 Demosth.
776 2194 846 2259 cap.
877 2169 910 2236 5.
963 2167 1337 2264 Laudabantur'tamen

275 2272 400 2358 magis,
430 2270 486 2359 qui
507 2271 627 2360 talibus
643 2271 724 2338 locis
745 2271 963 2355 abstinerent,
990 2273 1083 2339 velut
1097 2274 1181 2363 apud
1197 2271 1336 2363 Lysiam

275 2373 393 2460 aliquis
422 2374 462 2438 ι’λο
490 2397 525 2439 se
553 2372 623 2462 ipse
649 2371 831 2461 praedicat,
872 2397 922 2440 or.
946 2374 986 2438 de
1008 2375 1085 2440 bon.
1107 2373 1278 2462 Aristoph.
1301 2397 1336 2462 p.

230 2515 234 2521 ·
264 2472 357 2558 ,6⁵62
388 2472 476 2559 ἐγγός
503 2475 595 2540 οἰκῶν
619 2479 676 2557 τῆς
703 2472 819 2560 ἀγορᾶς
849 2472 920 2540 οὔτε
950 2473 1028 2559 πρός
1058 2477 1245 2564 δικαστηρίῳ
1266 2473 1336 2540 οὔτε
1403 2519 1407 2530 ι

275 2575 353 2660 πρὸς
371 2576 578 2662 βουλευτηρίῳ
605 2573 943 2660 ὤφθηνοίόεαώαοτε.
977 2590 1009 2641 et
1031 2577 1337 2666 corruptae'atlole·

228 2738 230 2743 .
254 2673 255 2680 ί
275 2677 435 2744 mentium
449 2675 642 2766 disciplinae
664 2677 726 2742 hoc
748 2679 883 2743 affertur
898 2693 1126 2762 argumentum
1149 2678 1190 2744 ab
1203 2678 1334 2745 Analoo.

274 2778 312 2844 in
332 2778 443 2846 Alcib.
465 2802 499 2866 p.
522 2777 594 2843 152.
615 2775 753 2870 Balaka·
774 2777 930 2865 τοιγάρτοι
947 2783 1007 2844 τῶν
1028 2778 1104 2844 νίων
1126 2779 1157 2843 αἱ
1179 2780 1335 2863 διατριβαί

275 2877 331 2944 οὐκ
351 2879 383 2942 ἐν
403 2887 468 2953 τοῖς
487 2879 665 2961 γυμνασίοις
685 2877 759 2944 ἀλλ’
782 2880 815 2944 ἓν
835 2892 899 2957 τοῖς
919 2880 1127 2964 δικαστηρίοις
1146 2881 1229 2946 εἰσίν.

359 2977 487 3065 ὀφείλειν
517 2979 564 3042 lul
590 2977 710 3056 τοότσις
737 2980 839 3070 ἐκείνῳ
866 2979 1036 3068 φάσκοντες
1056 2979 1211 3068 ἀργύριον.
1244 2981 1334 3050 Scit.

277 3077 370 3166 ἡμᾶς.
414 3081 617 3148 Oltaeratum
640 3081 729 3147 enim
757 3100 904 3150 actorum
929 3083 1165 3173 patrimonium
1189 3083 1336 3174 Cleony-

275 3206 348 3248 mus
374 3181 573 3248 liberaverat
606 3181 688 3268 (vid.
720 3183 756 3270 ἦ.
781 3185 848 3272 12.)
880 3209 923 3250 ex
949 3209 1051 3270 eaque
1077 3210 1114 3252 re
1136 3185 1212 3251 lanio
1235 3186 1334 3251 etiam

270 3307 363 3350 nuuc
382 3282 555 3372 pecnniam'
575 3283 706 3351 abillis
728 3286 841 3368 deberi
862 3286 1060 3353 contendunt
1081 3287 1275 3354 adversarii.
1290 3323 1333 3336 -
1383 3340 1392 3354 .

271 3380 427 3468 Ἀργόριον
457 3384 497 3450 de
529 3385 665 3472 pecunia
693 3387 798 3473 magis
824 3412 921 3474 quam
957 3383 1088 3473 ἀργύρια
1122 3378 1160 3454 in
1189 3387 1333 3477 pedestri

250 3481 254 3492 ¹
275 3485 422 3552 oratione
442 3486 621 3573 probarunt
636 3478 819 3570 Atticistae.
863 3488 942 3555 vid.
960 3486 1084 3557 Pollux
1103 3488 1168 3574 ΙΙΙ,
1190 3492 1244 3558 86.
1265 3487 1332 3572 ΙΧ,

275 3587 331 3652 se.
382 3585 599 3654 amianton.
628 3587 741 3655 neta.
773 3609 806 3678 p.
833 3591 887 3656 νο.
922 3589 1036 3682 noym.
1076 3591 1124 3658 n.
1157 3591 1238 3673 ιον,
1275 3571 1330 3656 σο.

274 3686 445 3754 Phavorin
469 3703 566 3780 ουτ.
588 3727 632 3740 -
650 3691 696 3756 At
723 3713 775 3779 ap.
803 3689 976 3759 Demosth.
1007 3692 1042 3758 in
1069 3692 1216 3778 Aristog.
1245 3689 1274 3757 l.
1295 3716 1330 3778 p.

205 3851 207 3862 ,
275 3788 355 3870 782,
385 3787 439 3856 24.
497 3789 579 3854 καθ’
611 3789 665 3855 ἵνα
697 3788 784 3874 ὑμῶν
803 3829 846 3840 -
875 3799 1089 3880 συκοφαντῶν,
1126 3789 1331 3877 είσπράττιυν,

61 3913 66 3926 ’
144 3939 146 3954 ,
277 3889 371 3953 αλτιῖιν
392 3886 538 3977 ἀργύρια,
564 3893 702 3981 pluralis
725 3909 837 3958 contra
858 3892 1051 3962 Beklterum
1080 3893 1211 3962 defendi
1237 3907 1331 3984 posse

275 3987 428 4069 videtur,
466 4016 567 4078 quum
587 3993 699 4060 variae
720 3993 787 4060 sint
806 3996 962 4082 pecuniae
990 4021 1153 4079 summae3
1192 4011 1224 4062 et
1244 3995 1329 4084 aputl

147 4097 149 4102 ’
274 4087 430 4178 Xenoph.
454 4093 580 4160 Oecon.
598 4092 706 4179 XlX,
728 4096 788 4163 16:
817 4095 1039 4180 όιαόοκιμόζειν
1054 4098 1098 4163 ,τιλ
1120 4096 1200 4162 καλὰ
1218 4098 1269 4162 καλ
1290 4093 1328 4160 τό

132 4255 134 4262 .
272 4191 404 4274 κίβδηλα
431 4189 579 4280 ἀργύρια,
609 4209 684 4263 aunt
711 4197 839 4264 nummi
867 4199 1029 4288 argentei.
1052 4198 1328 4272 cariellensis!

142 4355 143 4362 ,
271 4287 461 4380 Palaephat.
483 4321 516 4385 p.
539 4297 644 4366 152.’
