2910 4830
257 360 323 428 322
386 389 390 399 ·
612 343 660 412 ΙΝ
682 336 963 412 ΟΒΔΤΙΟΝΕΜ

259 527 306 594 ita
330 513 477 610 loquitur
504 529 635 598 orator,
669 525 708 579 ut
734 507 924 576 communia
951 505 1054 597 patris
1082 528 1121 574 ae
1149 507 1213 576 filil
1241 507 1328 579 bona

259 627 361 694 fuisso
391 619 571 708 significet,
600 639 636 683 v.
659 637 688 681 c.
723 611 762 700 ἦ.
784 611 845 678 38:
885 608 969 675 odam
989 608 1112 698 Ιπολλήν
1133 607 1244 675 οὐσίαν
1264 609 1329 676 tat-

260 751 354 812 κτητο
375 719 545 806 Εὐκτήμων
574 713 653 801 μετὰ
685 717 748 780 τοῦ
767 711 848 786 οίίας
871 705 1123 793 Φιλοκτήμονος,
1160 709 1240 778 ὥστε
1261 709 1328 795 ἅμα
1364 743 1371 758 ·

261 853 295 896 τε
323 825 363 893 td
389 823 519 909 μίριοτα
549 817 621 904 ὑμῖν
653 821 834 901 λειτουργεῖν
861 811 1057 900 ἀμφοτέρους
1085 817 1151 880 κτλ.
1158 848 1171 892 ,-
1197 837 1242 880 ex
1262 837 1328 900 qno

159 925 162 931 ¹
260 930 405 1022 colligo,
442 923 747 1002 Philoctemonem,
784 915 864 982 dum
890 913 1036 996 viveret,
1073 930 1210 1004 paterna
1241 917 1328 1005 bona

260 1043 458 1121 compatre
484 1021 703 1092 communiter
730 1016 912 1107 possedisse
943 1030 975 1081 et
995 1015 1260 1102 administrasse,
1292 1015 1328 1082 id

261 1133 347 1224 quod
362 1131 466 1218 vulgo
481 1125 554 1194 lieri
574 1125 710 1192 solebat.
755 1116 940 1186 Peuuliaria
957 1131 1067 1183 autem
1086 1131 1121 1183 'et
1142 1142 1160 1185 a
1182 1117 1328 1207 paternis

238 1235 408 1326 ,sejuncta
421 1227 520 1297 'bona
548 1252 592 1294 an
619 1222 755 1292 omniuo
785 1219 957 1307 reliquerit
988 1219 1156 1286 nonsatis
1179 1239 1327 1310 apparet.

262 1335 393 1426 Quodsi
407 1328 597 1419 reliquerit,
625 1328 707 1394 haec
722 1337 809 1389 certe
830 1319 935 1386 alilio
950 1319 1104 1406 adoptivo
1123 1321 1234 1390 statim
1255 1335 1330 1411 post

261 1439 333 1534 ejus
364 1449 508 1506 mortem
538 1435 630 1520 capta
657 1449 728 1494 esse
761 1433 1015 1490 cousentaneum
1043 1417 1184 1486 videtur.
1244 1421 1330 1514 (lapi

263 1557 372 1611 autem
392 1561 462 1604 nou
487 1544 638 1625 poterant
659 1526 724 1594 nisi
752 1544 817 1617 per
832 1520 1042 1605 ἐπιδικασίαν,
1071 1542 1177 1607 neque
1198 1523 1330 1608 adjudi.

262 1642 332 1710 cari
359 1639 430 1707 filio
452 1633 628 1724 adoptivo,
658 1628 724 1697 nisi
751 1627 822 1717 ipsa
844 1622 1020 1713 adoptioni
1050 1620 1216 1710 judicibus
1238 1643 1332 1686 com·

261 1746 410 1836 probata.
451 1738 586 1806 Poterat
611 1732 716 1819 igitur
735 1743 792 1796 aut
813 1727 951 1794 debebat
975 1723 1083 1815 potius
1106 1721 1333 1790 Chaerestrati

261 1861 418 1938 patronus
430 1843 493 1910 hoo
502 1833 704 1929 praejudicio
718 1831 789 1912 uti,
813 1827 1020 1899 validissimo
1032 1849 1110 1893 sane
1121 1837 1332 1911 argumento,

262 1947 305 2014 ad
335 1935 533 2011 refellendos
560 1935 787 2018 adversarios,
817 1931 876 2021 qui
901 1930 1091 2020 adoptatum
1118 1926 1333 2004 al’hilocte·

262 2069 361 2115 moue
383 2043 651 2112 Chaerestratnm
671 2037 849 2124 negabant.
892 2030 996 2119 Atqui
1016 2049 1179 2118 nusquam
1201 2050 1240 2094 eo
1261 2025 1332 2092 nti*

262 2165 329 2216 tur·
381 2147 494 2234 Neque
521 2143 625 2232 igitur
650 2139 727 2208 talis
755 2136 928 2202 ἐπιδικασία
958 2133 1045 2200 iacta
1076 2155 1145 2199 esse
1174 2129 1331 2200 videtur:

262 2250 350 2318 unde
370 2272 438 2316 non
467 2264 588 2316 temere
608 2241 789 2336 peculiaria
817 2241 903 2306 bona
924 2237 1017 2303 nulla
1039 2258 1058 2301 a
1078 2233 1332 2303 Philoctemone

262 2352 377 2420 relicta
390 2350 492 2420 fuisse
505 2347 663 2436 colligas,
686 2365 791 2435 neque
807 2338 908 2407 nimis'
920 2339 1007 2405 illud
1022 2331 1220 2426 urgendum,
1242 2333 1332 2423 qnod

262 2452 318 2520 τόν
338 2478 371 2519 τε
389 2449 584 2536 Εὐκτήμονος
603 2445 686 2514 οίκον
707 2460 819 2512 orator
839 2441 919 2509 dicit
940 2437 1067 2521 καίτόν
1088 2435 1332 2522 Φιλοκτήμονος,

177 2625 185 2642 ,
261 2555 356 2646 quasi
377 2554 548 2626 diversum
567 2549 738 2636 utriusque
756 2542 993 2638 patrimonium
1015 2541 1127 2609 suerit.

222 2731 225 2738 ,
346 2657 423 2746 Quo
444 2670 593 2745 tempore
613 2654 695 2719 haec
711 2671 808 2716 causa
825 2659 895 2713 acta
917 2644 978 2730 sit,
1006 2644 1100 2710 nullo
1121 2641 1254 2730 negotio
1274 2641 1333 2709 in·
1426 2636 1427 2639 '

216 2852 219 2860 Ι
259 2751 424 2850 telligitnr
445 2783 463 2826 e
485 2765 520 2838 ς.
542 2755 604 2824 14:
641 2758 680 2841 τῇ
699 2751 756 2834 μὲν
783 2747 844 2834 γὰρ
864 2751 1018 2835 στρατιή,
1048 2742 1110 2832 ἀφ’
1133 2735 1170 2810 οὗ
1191 2743 1333 2822 ἔξίντλευ-

261 2886 314 2930 σεν
344 2863 387 2938 είς
408 2861 569 2939 Σικελίαν,
602 2855 663 2941 ήδη
695 2853 759 2919 ἔστί
786 2848 841 2916 din
870 2851 922 2914 καί
950 2845 1140 2932 πεντήκοντα
1161 2845 1235 2931 ἔτη,
1266 2845 1330 2912 oirrd

257 2961 459 3052 Ἅριμνήοτου
480 2959 641 3043 ἄρχοντος.
684 2955 877 3021 Exercitum
898 2951 995 3018 illum
1016 2949 1054 3017 in
1073 2947 1225 3018 Siciliam
1246 2949 1331 3017 mis-

260 3092 335 3136 sum
361 3088 432 3132 esse
459 3073 586 3130 constat
615 3058 697 3125 belli
723 3040 995 3146 Peloponnesiaci
1027 3077 1116 3119 anno
1148 3054 1202 3132 17,
1231 3075 1265 3124 a.
1286 3049 1330 3120 G.

172 3225 175 3232 .
260 3168 336 3256 415,
364 3167 479 3253 θέρους
507 3165 677 3245 μεσοῦντος
706 3157 767 3243 ήδη
799 3156 971 3248 (Thucyd.
1002 3154 1063 3240 vl,
1093 3153 1189 3244 3⁰.)=
1223 3152 1332 3241 igitur

255 3283 363 3360 'quum
383 3267 594 3336 Arimnestns
615 3277 802 3353 praeturam
824 3275 953 3348 gereret
974 3258 1032 3326 01.
1055 3259 1109 3341 91,
1132 3258 1151 3323 1
1174 3259 1210 3324 lr.
1234 3281 1263 3323 e.
1286 3257 1330 3322 ab

260 3358 388 3442 nasuta
403 3367 482 3436 anni
503 3366 568 3433 416
589 3363 630 3430 ad
652 3379 807 3432 aestatem
829 3387 860 3430 a.
881 3361 956 3442 415,
978 3375 1126 3428 extremo
1141 3358 1331 3426 Arimnesti

259 3495 347 3539 anuo
358 3516 371 3552 ,
401 3467 618 3556 quiquidem
647 3467 763 3534 finitur
789 3466 827 3542 da
852 3465 875 3532 8
901 3462 970 3532 Jul.
997 3462 1061 3531 415
1092 3461 1176 3548 (vid.
1203 3460 1328 3536 Idelar.

261 3571 466 3658 (lleroriolog.
496 3587 577 3642 tom.
599 3572 630 3641 Ι.
652 3595 684 3662 p.
706 3567 803 3653 384),
834 3565 929 3633 illam
951 3563 1197 3656 expeditionem
1217 3586 1330 3630 susce*

214 3690 221 3734 “.
258 3681 353 3766 ptam'
370 3697 441 3754 esse
462 3690 596 3765 apparet
617 3673 677 3764 (cl.
697 3669 843 3738 Glinton.
855 3669 944 3736 Fast.
957 3667 1051 3735 Hell.
1071 3693 1105 3757 p.
1118 3667 1162 3733 78
1183 3664 1327 3753 Kriig.),

259 3798 365 3864 aquo
386 3790 532 3868 tempore
553 3777 583 3843 si
604 3777 835 3864 computantur
850 3772 929 3857 anni
950 3772 1015 3838 duo
1038 3784 1069 3836 et
1090 3765 1328 3856 quinquaginta

259 3865 454 3980 deducimur
474 3880 513 3947 in
533 3899 565 3966 a.
587 3875 652 3946 ³64
672 3879 716 3940 ὲ
736 3877 853 3942 363α.
877 3872 915 3942 G.
935 3875 972 3941 lu.
995 3897 1024 3941 e.
1049 3872 1108 3940 01.
1130 3869 1206 3950 tol,
1229 3871 1261 3937 1.

341 3980 526 4069 Difficilior.
542 3995 651 4064 autem
672 3993 722 4050 eat
741 3977 889 4067 quaestio
901 3979 942 4046 de
962 3977 1022 4045 illa
1045 3972 1254 4065 expeditione
1269 3967 1326 4050 Si·

257 4080 407 4174 Glllessslq
442 4082 540 4175 eltinge
556 4080 680 4164 mealia
709 4084 747 4156 fit
767 4081 805 4168 ᾗ.
829 4082 866 4149 1:
907 4077 957 4146 ὅτε
983 4080 1025 4154 εἰς
1044 4075 1196 4156 Σικελίαν,
1212 4073 1326 4156 ’eliezier

174 4241 177 4246 -
254 4189 458 4271 τριηραρχῶν,
483 4184 729 4272 Χαιρέστρατος.
792 4182 890 4250 Hanc
925 4180 1016 4248 enim
1044 4181 1086 4247 ab
1121 4179 1201 4262 ille,
1241 4171 1342 4263 quae

254 4285 444 4352 Arimnesto
465 4288 622 4354 archonte
637 4303 785 4377 susceptu
806 4300 874 4370 est,
895 4283 1073 4352 ‘diversam
1085 4305 1157 4352 esse
1176 4291 1319 4371 apparet.
