2942 4842
237 364 303 432 noa
473 295 512 410 Ψ
597 365 647 434 ru
668 365 948 435 concinnunt
1008 345 1060 392 ·’

153 513 156 525 y
238 534 293 600 cdv
315 533 393 620 πρὸς
406 531 575 619 Αἰγινήτας
586 536 690 620 λέγων.
732 485 997 604 Ἀ6τ1.Αεεο1ιίη.
1018 534 1059 600 de
1075 535 1100 602 f.
1124 536 1150 602 l.
1168 513 1206 624 p.
1218 537 1308 622 226τῚ

239 633 339 716 ,οὔτ’
362 634 402 700 ἂν
423 626 543 712 orico&
553 684 564 716 ,
594 637 646 719 ἐμὲ
667 635 707 720 δὴ
729 637 839 720 λέγων,
877 636 1083 722 ,τολμήσειεν
1099 639 1195 702 ‘eineis
1216 642 1303 701 -“.

242 737 485 824 [etzllemostlr.
507 738 544 803 in
564 737 646 804 Mid.
671 760 702 824 p.
725 739 789 808 552
810 755 842 804 et
862 760 894 825 p.
916 741 1006 824 572]

293 873 295 878 .
325 839 359 904 ἐκ
384 844 441 904 τοῦ
465 836 583 924 τρόπον
609 835 722 904 τούτου
749 849 877 904 ποιεῖται
897 865 945 924 με.
988 839 1123 908 Bremio
1145 838 1302 921 inlacri-

239 941 386 1008 bendum
411 940 556 1007 censenti
581 965 650 1006 non
671 931 915 1029 obsequendum
935 942 1069 1031 putavi3
1097 941 1216 1030 quippe
1235 964 1305 1006 non

168 1091 171 1096 ,
239 1044 277 1111 in
296 1043 517 1133 pronomine,=
535 1042 592 1108 sed
614 1042 650 1108 in
665 1066 760 1111 voco.
782 1042 814 1108 in
835 1040 1019 1128 τοῦτρόαοο
1039 1039 1151 1108 τούτου
1172 1056 1304 1132 seuten-

240 1147 305 1212 tiae
325 1145 377 1211 vis
399 1160 458 1212 est.

325 1247 362 1335 5.
386 1247 438 1312 13.
461 1242 544 1321 ὅπως
565 1244 602 1309 ἂν
621 1244 726 1331 aaran.
769 1244 934 1312 Indefiniti
948 1244 1152 1335 pronominis
1168 1243 1305 1312 omissio

240 1349 278 1416 in
307 1349 515 1436 generalibus
544 1348 656 1432 legum
682 1347 993 1436 praescriptionibus
1026 1346 1305 1434 frequentissima.

241 1451 322 1517 Vid.
355 1474 405 1517 or.
435 1448 474 1515 de
495 1443 693 1515 Philoclem.
717 1449 790 1516 her.
823 1449 862 1537 5.
882 1447 936 1515 44.
960 1450 1001 1515 de
1022 1447 1208 1515 Aristarch.
1231 1449 1305 1514 her.

232 1554 280 1642 5.
297 1556 330 1619 2.
352 1550 527 1618 Demosth.
549 1549 739 1619 inlllaoar't.
761 1575 794 1638 p.
818 1550 914 1634 1971,
934 1552 968 1616 2.
990 1586 1033 1600 —-
1052 1550 1105 1616 Dc
1126 1550 1197 1638 ipsa
1218 1542 1305 1637 lege,

213 1657 215 1662 ’
242 1679 324 1743 quae
351 1653 488 1735 citatur,
502 1701 505 1710 ,
519 1652 561 1716 cl.
575 1652 625 1730 ,de
645 1651 772 1743 Pyrrh.
802 1649 874 1718 her.
897 1651 935 1739 5.
956 1649 1010 1718 42.
1044 1651 1084 1717 de
1104 1651 1305 1734 Philoctem.

243 1757 316 1823 her.
341 1755 378 1843 5.
401 1754 434 1819 9.
477 1753 548 1818 Art.
571 1751 668 1819 Proc.
692 1778 726 1842 p.
747 1752 823 1819 438.
868 1760 874 1772 ’

244 1863 267 1903 ·’
328 1853 508 1940 καταφορὴν
525 1859 579 1936 τῆς
600 1854 737 1938 ἐρημίας.
779 1854 830 1920 lta
848 1853 1012 1940 καταφυγὴ
1024 1851 1232 1937 ἀδικημάτων,
1255 1876 1306 1920 or.

243 1961 280 2026 in
310 1955 492 2024 Theocrin.
526 1980 559 2044 p.
589 1954 690 2040 1342,
716 1959 749 2022 2.
814 1957 990 2042 καταφυγαὶ
1029 1961 1150 2034 κακῶν,
1187 1954 1305 2044 Eurip.

245 2062 356 2129 Orest.
387 2083 422 2125 v.
443 2055 508 2126 442
527 2057 624 2124 Pors.
656 2057 761 2144 σωτὴρ
789 2060 911 2138 κακῶν,
938 2058 1055 2124 Medea
1075 2062 1114 2125 v.
1137 2057 1212 2124 361.
1255 2056 1308 2144 lta

104 2203 109 2215 .
245 2162 395 2250 efflagitans
425 2161 576 2224 ναοῖοττιοτ
613 2183 665 2248 ap.
697 2153 815 2226 Sencc.
846 2158 1020 2251 Hippolyt.
1060 2161 1124 2225 253
1131 2184 1142 2242 3
1178 2155 1309 2245 aliaque

245 2261 392 2358 ejus'dem
423 2261 552 2348 generis
579 2261 731 2350 exempla
756 2261 859 2328 latina
882 2260 1047 2349 congessit
1065 2259 1242 2328 Heinrich.
1265 2258 1307 2326 ad

246 2363 324 2440 cic..
341 2388 390 2432 or.
413 2364 568 2450 sragmm.
590 2363 623 2452 p'.
646 2363 701 2430 95.
1298 2437 1302 2446 ¹

248 2493 262 2523 ι’
331 2467 368 2555 5.
392 2463 443 2532 14.
472 2467 515 2540 εἰς
542 2462 615 2539 τοὺς
642 2460 823 2551 φράτορας,
852 2461 1013 2550 παρόντων
1033 2461 1161 2530 τούτων.
1204 2461 1251 2532 Η.
1268 2486 1306 2530 «ο.

246 2567 438 2638 adversario
459 2565 595 2657 ejusque
611 2566 698 2650 filio,
728 2580 766 2633 nt
785 2566 843 2654 qui
862 2566 1044 2633 necessario
1066 2564 1211 2655 ejusdem
1232 2587 1310 2632 cum

245 2671 393 2739 Menecle
414 2668 580 2757 phratrine
602 2681 719 2736 essent.

331 2773 383 2838 καὶ
410 2773 452 2845 εἰς
471 2768 545 2843 τοὺς
566 2767 727 2852 ὀργεῶνας.
769 2768 840 2836 Hos
863 2737 1254 2836 schaanannim.
1278 2791 1307 2835 s.

246 2898 282 2945 v.
303 2879 423 2959 γενῆται
451 2886 483 2937 et
503 2870 676 2938 Platnerus
698 2865 852 2960 Symbol.
874 2872 915 2938 ad
936 2869 964 2938 I.
987 2871 1032 2937 A.
1054 2896 1087 2960 p.
1109 2871 1154 2937 83
1174 2870 1308 2936 eosdem
1386 2893 1390 2900 ·

248 2999 318 3045 esse
339 2989 453 3064 putant
474 2997 512 3039 ac
532 2969 686 3057 γεννήτας.
728 2971 770 3038 Et
791 2981 870 3064 sane
892 2973 966 3039 aliis
988 2973 1090 3054 locis,
1129 2971 1166 3037 in
1188 2972 1307 3058 quibus

246 3079 327 3148 item
357 3076 397 3142 de
427 3073 656 3163 adoptivorum
677 3070 889 3162 inscriptione
908 3073 1041 3160 agitur,
1076 3088 1205 3162 praeter
1225 3070 1311 3159 φρά-

247 3202 343 3265 τορας
373 3201 411 3242 ac
443 3172 595 3259 δημότας,
634 3174 717 3242 sient
746 3190 859 3241 nostro
888 3176 961 3241 loco
982 3173 1150 3259 dpysoirsc,
1181 3174 1228 3240 ita
1258 3175 1311 3241 ibi

247 3283 387 3368 γεννῆται
408 3273 716 3344 commemoiantur.
761 3275 839 3341 Vid.
852 3277 892 3342 de
907 3277 1063 3365 Apollod.
1087 3278 1158 3342 her.
1182 3282 1239 3356 55.
1255 3277 1309 3343 13.

248 3382 302 3450 15.
323 3385 378 3449 27.
427 3377 565 3443 Accedit
590 3377 675 3465 qnod
697 3400 716 3441 e
736 3378 959 3466 grammaticis
981 3369 1134 3444 nonnulli
1163 3373 1310 3462 γεννήτας
1357 3438 1364 3452 ,

249 3483 349 3553 etiam
377 3478 529 3564 ὄργεῶνας
549 3478 651 3558 dictos
681 3502 750 3546 esse
775 3494 951 3563 testantur,
980 3481 1072 3548 velut
1092 3477 1160 3546 Jnl.
1183 3478 1310 3546 Pollux

85 3537 89 3546 =
185 3617 193 3623 ·
249 3585 318 3668 lll,
339 3581 392 3649 52.
420 3579 566 3670 Etymol.
587 3579 636 3646 Μ.
669 3583 806 3670 puto,
836 3582 888 3650 16.
918 3583 998 3666 629,
1020 3584 1074 3649 23.
1105 3579 1191 3646 Lex.
1221 3581 1307 3647 rhet.

250 3701 284 3776 p.
305 3685 381 3766 227,
413 3683 466 3747 12.
486 3681 638 3765 286,11.
681 3681 812 3774 Quippe
833 3680 989 3769 ὀργεῶνων
1009 3705 1131 3748 nomen
1152 3684 1317 3778 generale-

250 3795 319 3869 est,
351 3797 383 3849 et
409 3781 446 3849 in
468 3805 581 3850 omnes
609 3784 779 3868 convenit,
809 3785 866 3872 qui
887 3807 1057 3850 sacrorum
1077 3782 1310 3850 communione

251 3883 417 3976 conjuncti
438 3899 512 3951 sunt
525 3884 701 3975 (Harpocr.
719 3883 856 3953 etSuid.
877 3886 913 3952 in
930 3885 1083 3970 ὀργεῶνες.
1126 3886 1199 3951 on.
1220 3881 1310 3967 ὀνόμ.

249 3987 287 4054 ἰο
306 3984 419 4053 Bekk.
432 3986 561 4053 Aneod.
584 3986 613 4052 l.
636 4012 669 4075 p.
684 3987 757 4054 191.
801 3986 914 4058 Voles.
937 3987 977 4052 ad
993 3985 1155 4076 Harpocr.
1180 4008 1213 4073 p.
1230 3985 1309 4052 315.

150 4097 153 4100 ’
250 4087 432 4156 Ruhnken.
465 4088 505 4154 ad
534 4087 662 4179 Hymn.
692 4088 730 4153 in
758 4085 835 4154 Ger.
866 4112 901 4156 v.
928 4087 1037 4174 496),
1069 4089 1181 4175 quales
1209 4085 1313 4153 fnisse
1450 4067 1451 4140 l

250 4188 395 4275 γεννήτας
415 4213 511 4256 nemo
538 4189 688 4275 ignorat,
726 4212 792 4255 non
823 4188 932 4257 minus
962 4214 1060 4277 quam
1091 4186 1253 4275 φράτορας
1274 4211 1314 4253 ac

252 4288 432 4372 droctrinae,
464 4313 545 4378 qnos
575 4305 607 4356 et
633 4290 721 4378 ipsos
746 4305 916 4382 propterea
947 4289 1097 4378 ὂργεῶνας
1117 4290 1219 4356 dictos
1242 4311 1314 4356 esse
1449 4351 1450 4380 .
