2910 4830
224 420 296 488 292,
589 410 637 478 ΙΝ
659 407 937 478 ORATIONEM

226 606 326 673 qnam
339 529 414 672 poet
428 595 537 671 captas
556 577 760 671 aLysandro
768 575 919 664 Athenas
932 575 1292 663 institutumqueXXX

226 683 378 755 virorum
394 681 673 760 dominationem.
716 678 842 748 Jam
814 699 842 744 et
864 653 927 746 hoe
947 679 1018 745 fere
1039 692 1186 767 tempore
1206 680 1242 747 h
1263 703 1290 745 e.

225 785 304 853 cire.
331 783 398 858 403
428 797 531 853 totam
557 779 773 848 hereditatem
804 780 906 868 cepit,
936 779 973 847 id
993 802 1095 867 quum
1121 778 1291 847 duodecim
1332 790 1338 798 “

223 902 298 977 post
310 883 538 971 Dicaeogenis
553 881 588 950 ll
601 897 744 951 mortem
765 880 859 961 aunis
876 881 1000 950 factum
1018 881 1081 966 sit,
1102 881 1242 948 hunc'
1213 905 1293 966 circ,
1335 901 1339 908 ’

224 985 290 1056 tte
316 984 438 1060 obiisse
468 981 615 1074 oportet.
655 983 718 1064 At,
731 982 822 1050 anim
850 983 946 1062 ,nulla
972 983 1037 1050 hoc
1067 1006 1154 1050 anno
1181 1005 1291 1072 pugna

224 1088 310 1178 apud
323 1085 468 1156 Gnidum
486 1088 526 1152 ab
542 1084 711 1153 historicis
725 1098 1034 1154 commemoratur..
1055 1083 1188 1152 Possim
1200 1083 1292 1170 eqni·

224 1189 300 1258 dem
339 1211 498 1278 reponere
532 1186 592 1254 tali
626 1199 819 1272 argumento
856 1184 956 1252 nihil·
975 1183 1080 1269 effici,
1116 1185 1183 1251 nisi
1219 1183 1290 1272 quis

223 1292 309 1358 forte
329 1288 441 1357 vincat
462 1311 575 1355 omnes
598 1287 697 1354 etiam
712 1285 910 1368 ‚leuissimus
933 1285 1181 1371 dimicationes,
1210 1309 1290 1374 qua·

223 1393 273 1460 lea
293 1392 473 1482 permultas
493 1413 553 1479 per
573 1389 766 1456 bellicosum
786 1387 870 1454 illud
891 1387 1190 1476 tempus‘accidisse
1211 1411 1290 1454 con·

223 1507 416 1562 sentaneum
444 1506 512 1576 est,
547 1491 588 1556 ab
620 1488 786 1556 historicis
807 1488 986 1555 memoriae
1014 1489 1166 1556 mandari
1192 1512 1289 1576 opor·

178 1629 181 1638 ⁴
221 1592 335 1662 tuisse.
378 1593 469 1661 Ante
494 1607 606 1660 tamen
628 1615 727 1678 quam
751 1590 813 1658 tali
834 1589 1022 1657 defensione
1043 1605 1139 1674 utar,
1174 1590 1290 1658 videa·

221 1719 296 1762 mus
317 1719 398 1764 num
418 1694 504 1760 forte
526 1693 592 1759 alia
613 1716 663 1759 rer
653 1691 905 1783 'expediendae
925 1690 982 1757 via
1003 1693 1119 1758 relicta
1140 1689 1194 1758 sit.
1247 1689 1289 1756 lit

222 1810 422 1864 monuerunt
441 1793 510 1883 jam
530 1793 698 1879 Augcrins
720 1810 752 1860 et
772 1792 924 1862 Jonesius
946 1793 1031 1883 apud
1053 1791 1292 1888 Thucydidem

196 1901 199 1907 “
221 1897 318 1982 vllt,
339 1896 383 1965 tt
403 1895 605 1978 mentionem
625 1895 699 1962 fieri
720 1916 851 1984 pugnae
865 1894 1000 1961 navalis
1019 1918 1157 1984 prope
1143 1877 1288 1962 Gnidum

221 1998 416 2066 commissae
438 2019 469 2063 a.
491 1994 567 2079 412,
589 2018 725 2083 eamque
744 1995 851 2084 ipsam
872 2019 943 2063 ease
963 2010 1146 2082 statuerunt
1164 1995 1202 2063 in
1225 2018 1288 2082 qna

219 2099 446 2186 Dicaeogenea
467 2097 678 2180 occubuerit3
707 2097 843 2183 quod
815 2121 844 2164 st
866 2112 954 2164 reeta
975 2112 1179 2183 statuerunt,
1202 2110 1287 2164 mm-

112 2273 115 2282 ,
218 2225 280 2292 pus
297 2199 406 2278 illud,
430 2221 531 2286 quum
551 2213 619 2264 tota
641 2195 821 2264 hereditate
842 2196 1068 2287 Dicaeogenes
1090 2195 1143 2266 lll
1162 2198 1286 2288 potitus

218 2317 285 2383 est,
306 2301 431 2369 incidet
457 2299 536 2366 circ.
565 2298 600 2365 in
623 2323 654 2366 a.
676 2299 752 2367 400.
796 2299 902 2386 Atqui
927 2299 963 2366 in
986 2301 1048 2367 hoe
1069 2316 1196 2390 tempus
1217 2323 1286 2367 non

217 2402 379 2492 quadrare
399 2400 555 2470 videntur
576 2424 658 2488 quaa
680 2402 717 2489 ᾗ.
736 2401 832 2480 ilde
852 2400 945 2469 urbis
965 2401 1150 2494 calamitate
1171 2415 1204 2468 et
1217 2402 1286 2468 dia·

157 2567 159 2574 ,
217 2505 331 2574 cordia
351 2503 476 2572 civium
496 2525 538 2588 aa·
555 2502 715 2570 seditione
742 2502 907 2569 dicuntur.
959 2501 1092 2594 Nempe
1105 2505 1187 2570 haec
1208 2527 1285 2571 ora·

215 2606 302 2674 toria
321 2605 429 2693 magis
441 2615 539 2693 qnhm
551 2603 712 2672 historica
732 2604 797 2688 fide
814 2605 856 2670 ab
873 2604 1065 2672 adversario
1081 2605 1167 2671 dicta
1185 2620 1283 2690 sunt,

215 2707 274 2795 qni
295 2731 358 2794 quo
387 2705 548 2797 majorem
567 2705 775 2795 Dicaeogcni
799 2705 962 2774 invidiam
983 2707 1157 2791 conflaret,
1179 2707 1284 2800 ,adju-
1367 2799 1370 2806 1

214 2823 287 2878 tum
310 2832 385 2876 enm
404 2831 476 2876 asae
497 2807 692 2875 criminatur
714 2809 755 2874 ah
768 2807 958 2875 hominibus
980 2808 1145 2890 seditiosis
1166 2823 1199 2873 et
1219 2831 1283 2899 pu-

214 2910 325 2980 011000,
341 2909 538 2978 calamitatis
561 2908 802 3001 opportunitate
822 2909 863 2994 ad
886 2908 1117 2999 opprimendos
1144 2911 1282 2977 cohere-

213 3009 415 3094 desnsum,
446 3009 525 3076 licet
549 3033 587 3076 re
608 3034 688 3078 vera
715 3010 776 3077 illo
798 3026 962 3100 tempore,
991 3035 1092 3097 quum
1112 3011 1280 3079 heredita·

211 3128 279 3179 tem
306 3110 471 3206 auferret,
503 3112 595 3199 quies
621 3110 690 3202 jam
716 3127 799 3180 esset
825 3111 985 3179 restituta.
1028 3113 1126 3180 Hanc
1147 3131 1280 3182 senten·

211 3213 312 3282 tiam
319 3211 350 3279 si
379 3213 616 3302 amplectamur
642 3250 685 3262 -
713 3227 746 3280 et
771 3212 904 3281 videtur
936 3213 1021 3280 mihi
1048 3213 1182 3300 quidem
1210 3240 1279 3283 non

210 3313 504 3404 improbabilia—
517 3313 701 3382 orationem
721 3329 867 3381 nostram
887 3313 966 3384 circ.
990 3339 1020 3382 a.
1042 3318 1117 3400 390,
1141 3315 1198 3383 01.
1221 3318 1278 3402 97,

211 3419 245 3500 3,
261 3431 323 3484 aut
343 3417 456 3504 paullo
473 3430 548 3506 post
564 3415 713 3482 habitam
737 3439 806 3484 esse
824 3430 978 3512 oportet,
999 3363 1137 3484 duranle
1159 3415 1278 3485 etiam·

210 3533 280 3584 tum
302 3517 391 3584 bello
414 3514 601 3586 Corinthio.
1110 3561 1114 3568 -

280 3618 385 3704 Quid
407 3631 517 3685 autem
536 3621 593 3685 fiet
605 3589 895 3711 01ynthiisistis,
922 3619 1131 3688 Athenarum
1151 3646 1274 3712 propu-

209 3719 422 3808 gnatoribus,
463 3720 500 3807 ᾖ.
522 3719 588 3789 46?
628 3718 816 3789 Concedent
849 3721 952 3806 mihi,
989 3723 1141 3812 opinor„
1159 3748 1274 3790 omnes

207 3845 282 3911 pro.
300 3820 561 3889 Atheniensibus
594 3822 777 3913 Olynthios
806 3823 1006 3911 nonmagis
1033 3825 1094 3890 illo
1126 3841 1285 3914 tempore,

207 3945 431 4011 propugnasse
465 3947 565 4010 quam
588 3939 728 4014 postea,
762 3949 863 4013 qnam
900 3927 1057 3994 adversus
1091 3924 1272 4016 Spartanos

208 4024 332 4096 bellum
362 4023 446 4096 illud
478 4039 646 4111 gererent,
683 4027 769 4114 qnod
801 4027 1004 4117 Olynthium
1032 4028 1147 4094 vocari
1174 4029 1271 4106 solet,

207 4125 249 4191 ab
271 4148 302 4191 a.
325 4125 389 4190 372
410 4121 451 4190 ad
472 4126 547 4192 369.
591 4125 682 4213 Quid
703 4117 830 4196 multa?
863 4127 1099 4196 Exturbandoa
1128 4153 1183 4196 eos
1204 4129 1278 4210 hoc,

206 4229 281 4308 loco
309 4249 374 4292 non
402 4225 534 4310 dubito,
561 4229 826 4317 revocandosque
848 4227 1058 4313 Corinthios,
1085 4230 1271 4297 Athenien-

207 4328 293 4394 sium
314 4326 440 4413 aocios,
468 4328 525 4416 qui
545 4329 653 4419 prima
675 4329 818 4400 nominis
844 4331 941 4399 litera
962 4331 1107 4400 mutilati
1128 4332 1205 4402 dein
1223 4329 1268 4397 li·
