2846 4832
215 287 282 356 4⁰8
573 279 622 352 nt
643 279 923 358 ostaslottnn

94 529 98 542 ,
220 451 295 542 (IV,
317 453 349 540 1,
376 454 451 539 72),
484 449 689 543 supersederi
718 473 958 538 nonnunquam
985 451 1154 540 prooemio
1176 476 1284 545 posse,

221 571 253 622 et
274 578 343 622 esse
358 553 524 622 interdum
537 552 608 620 viru
623 552 783 643 prooemii
798 551 900 638 etism
921 553 1013 618 nullo
1030 553 1182 634 exordio.
1223 553 1286 622 At-

221 681 284 745 que
311 655 417 722 simili
446 653 544 720 initio
573 652 644 720 sine
670 651 840 740 prooemio
867 651 972 719 utitur
992 653 1106 721 Isaeus
1128 643 1229 721 etiam
1250 656 1287 720 in

222 755 371 825 orations
399 753 440 820 de
459 753 586 846 Pyrrhi
607 752 804 838 hereditate,
840 752 983 841 itemque
1002 753 1040 821 iu
1061 771 1227 845 postrema
1248 757 1288 824 de

220 855 385 946 Haguise.
428 853 736 944 Propositioautem
750 848 935 939 πειράσομαι
954 851 986 918 d’
1003 853 1076 938 ὑμῖν
1091 857 1288 934 ἐπιδεῖξαι-

222 953 324 1046 quum
351 970 503 1043 quattuor
528 979 582 1021 res
614 955 783 1021 ostendere
803 953 955 1022 videatur
975 980 1056 1042 quae
1078 973 1191 1025 orator
1209 983 1288 1048 pro·

222 1061 358 1126 baturus
369 1057 440 1142 sit,
458 1081 494 1124 re
507 1070 615 1125 tamen
636 1077 715 1122 vers
732 1055 812 1121 dues
826 1069 953 1122 tantum
975 1056 1156 1146 significate
1185 1083 1290 1146 neque

223 1175 376 1226 testatum
392 1182 466 1254 esse
479 1156 716 1248 Astyplrilum‚
748 1171 779 1222 et
799 1155 865 1223 sibi
885 1156 995 1244 potius
1016 1183 1114 1245 quam
1135 1161 1291 1247 cuiquam

216 1261 285 1328 ‘alii
305 1261 391 1326 bona
421 1259 491 1350 ejus
519 1255 702 1348 adjudicari
723 1258 854 1324 debere.
896 1255 1009 1345 Neque
1030 1261 1119 1326 enim
1140 1261 1290 1348 siugula-

223 1361 285 1428 tim
306 1361 388 1427 haec
409 1359 473 1427 tria
487 1360 683 1450 probaturus
705 1373 769 1427 ests
800 1381 869 1424 non
884 1358 1055 1449 adoptasse
1076 1361 1194 1448 illum,
1222 1387 1290 1432 non

224 1462 363 1530 donasse
392 1453 546 1550 cuiquam
576 1462 663 1526 bdna
690 1483 770 1544 sua,
799 1483 866 1526 nou
894 1459 1035 1548 denique
1062 1453 1291 1535 testamentum

141 1605 144 1612 ι
224 1562 414 1652 reliquisse3
451 1562 508 1629 sed
537 1561 599 1627 hoc
615 1585 748 1654 lunum,
783 1559 1055 1662 quodpostremo
1083 1566 1157 1632 loco
1184 1565 1290 1655 posui,

224 1688 289 1755 quo
310 1665 446 1754 probato
467 1662 527 1728 illa
544 1685 688 1748 quoque,
720 1685 802 1748 quse
814 1663 878 1730 hoc
898 1663 1124 1749 continentur,
1155 1669 1291 1756 probata

224 1789 295 1836 esse
324 1759 476 1854 apparet,
510 1763 628 1853 quippe
656 1787 757 1850 quum
783 1787 851 1829 uon
878 1762 977 1830 aliter
1003 1765 1069 1833 uisi
1098 1777 1291 1835 testamento

226 1867 415 1956 adoptatum
437 1861 572 1932 Cleonis
601 1864 710 1930 filium
738 1863 976 1952 pecuniamque
997 1866 1201 1935 eirelictsm
1222 1892 1291 1936 esse

226 1965 410 2038 adversarii
432 1964 639 2032 contendunt.
684 1959 750 2030 Sed
770 1965 922 2055 pluribus
943 1968 1050 2035 modis
1072 1985 1106 2034 et
1121 1970 1215 2056 quasi
1234 1993 1292 2059 per
1402 2017 1403 2074 ἒ

130 2135 133 2140 Δ
218 2081 334 2158 partes
350 2066 487 2133 eandem
505 2089 577 2132 rem
593 2059 769 2152 eloquitur,
792 2067 1018 2153 quodisertius
1031 2069 1117 2148 nihil
1130 2073 1228 2162 plane
1240 2071 1293 2162 ju·

225 2166 273 2236 ris
281 2165 480 2256 adversariis
494 2181 675 2256 competere
687 2167 913 2254 significet.-
926 2168 1118 2254 Μιτυλήνην,
1137 2173 1293 2259 quemad·

226 2268 361 2337 modurn
375 2268 413 2336 in
426 2267 592 2335 codicibus
604 2292 671 2334 non
685 2269 792 2334 solum
802 2269 886 2336 Isaei
902 2269 957 2336 sed
970 2286 1153 2339 ceterorum
1168 2297 1294 2361 quoque

226 2371 424 2460 scriptorum
451 2369 573 2457 ubique
594 2371 663 2436 iere
688 2371 833 2458 legitur,
864 2393 932 2437 non
952 2372 1065 2460 putavi
1086 2375 1293 2455 mutandum,

226 2472 307 2540 licet
337 2473 476 2540 alteram
502 2472 646 2538 formem
667 2468 852 2556 Μυτιλήνην
880 2473 1046 2542 veriorem
1074 2499 1146 2542 esse
1166 2476 1294 2550 nummi

228 2589 260 2642 et
280 2572 511 2664 inscriptiones
533 2572 612 2639 satis
633 2573 876 2657 demonstrent,
903 2597 1039 2661 eamque
1053 2573 1245 2642 ‘lieltherus‘
1257 2576 1295 2644 iu

228 2673 449 2768 Thucydide,
475 2672 620 2741 Isocrate
626 2720 638 2760 ,
669 2673 913 2759 Demosthene,
942 2674 1204 2761 Gaislcrdiusfiu
1224 2677 1295 2744 lle·

228 2777 345 2844 rodoto
368 2775 541 2862 aliquoties
563 2775 662 2843 etism
684 2791 795 2848 contra
816 2775 966 2844 codicum
982 2801 1177 2855 consensum
1198 2801 1296 2868 repo·
1399 2779 1400 2784 ’

139 2871 144 2884 ‘
229 2877 366 2949 suerint.
419 2877 597 2963 Utriusque
626 2878 754 2943 formae
785 2877 991 2946 auctoritates
1021 2879 1114 2962 vta,
1143 2894 1181 2947 ut
1212 2880 1295 2948 alios

229 2978 379 3058 mittam,
419 3001 472 3066 ap.
495 2975 674 3044 Plehnium
701 2979 938 3046 Lesbiacorum
967 3004 1040 3070 cup.
1060 2979 1082 3046 l
1105 3006 1140 3077 p.
1163 2984 1205 3048 10
1225 3005 1296 3068 sqq.

229 3079 284 3150 De
304 3077 544 3147 constructione
565 3083 628 3144 τῶν
640 3080 698 3156 -εὶς
718 3079 903 3166 Μιτυλήνην
924 3085 1123 3169 στρατιωτῶν
1143 3105 1239 3150 nemo
1260 3105 1298 3150 se

231 3180 344 3252 doceri
363 3181 463 3249 volet.
665 3187 671 3200 ¹
1172 3207 1176 3212 ·

315 3282 353 3370 ᾗ.
375 3281 408 3347 2.
441 3276 519 3344 ὥστε
539 3279 614 3366 γένει
633 3275 691 3366 μὲν
712 3279 763 3348 διὰ
785 3281 840 3349 τὸν
866 3279 961 3368 νόμον
982 3281 1070 3351 οὐδὲν
1089 3281 1298 3370 προσήκουσιν

226 3383 400 3468 Ἀστυφίλῳ
426 3416 470 3430 -
495 3383 625 3451 sublato
661 3383 793 3450 scilicet
814 3409 874 3473 per
902 3387 1110 3476 adoptionem
1138 3384 1300 3452 naturalis

231 3481 418 3570 agnationis
439 3480 524 3572 jure.
569 3481 667 3552 (loni.
689 3483 770 3552 infr.
793 3487 829 3572 §.
847 3488 892 3552 33
913 3504 944 3553 et
960 3487 1000 3554 de
1013 3487 1200 3555 Aristar-ch.
1223 3488 1299 3553 her.

199 3577 201 3584 ⁴
232 3587 270 3675 §-
291 3583 325 3651 4.
349 3582 524 3653 Demosth.
546 3601 607 3653 ctr.
629 3585 754 3652 Leucis.
776 3612 810 3675 p.
835 3588 920 3654 1087
939 3611 990 3675 sq.
1019 3621 1021 3626 v

316 3684 353 3774 ᾗ.
373 3687 410 3751 3.
439 3685 482 3761 εἰς
507 3683 542 3751 τὸ
567 3689 684 3773 χωρίον
711 3684 897 3769 ἔνεβάτννσε.
940 3686 1014 3756 Hoc
1035 3712 1103 3755 non
1123 3687 1220 3755 licuit
1240 3711 1302 3778 per

232 3788 323 3874 leges
344 3785 410 3852 nisi
432 3787 499 3853 suis
521 3787 697 3855 heredibus
719 3791 756 3855 h.
779 3814 807 3857 e.
830 3790 910 3856 filiis
931 3791 987 3856 vel
1002 3789 1182 3878 nepotibus
1202 3805 1300 3856 nutu-

226 3887 358 3954 ·rslibus
379 3888 485 3975 iisque
507 3887 688 3978 adoptivis,
718 3889 776 3976 qui
796 3890 882 3956 iuter
902 3891 998 3958 vivos
1020 3891 1165 3981 adoptati
1186 3905 1301 3973 erant;

232 3987 290 4076 qui
310 4004 419 4060 sutem
439 4002 631 4057 testamento
653 4005 761 4058 essent
781 3990 943 4081 adoptati,
974 3994 1036 4060 hos
1057 3991 1229 4080 ἐπιδικασίᾳ
1249 3991 1302 4057 nti

159 4119 165 4140 ν
223 4093 414 4182 oportebat.
459 4087 668 4180 Quamquam
682 4090 797 4159 lsaeus
812 4091 987 4184 dePyrrlt.
1009 4094 1083 4159 her.
1106 4093 1144 4181 d.
1159 4093 1201 4159 61
1222 4091 1302 4158 uni·

232 4215 325 4262 verse
354 4193 492 4278 loquens
521 4191 579 4268 τὰς·
606 4190 814 4274 iurdsraolce,
843 4193 907 4280 sit,
939 4191 981 4262 ci·
996 4191 1163 4279 rionolutos
1189 4188 1302 4270 πάντες
