2910 4830
82 439 99 450 ..
283 341 358 409 'DE
378 339 688 430 DIGAEOGENlS
708 339 1023 419 HEREDITATE.
1089 350 1200 421 -Elb

129 533 251 600 pugna·
262 509 349 577 inter
361 513 578 581 Athenienses
600 530 631 581 et
646 513 878 586 Chalcidenses
893 519 950 587 01.
972 517 1189 602 LXXXVII,
1204 501 1206 508 ,

40 677 43 684 ,
121 611 152 680 ’4
172 613 347 684 commissa
368 631 522 681 narratur
541 616 738 708 a··Tbueyd.
761 616 807 702 ll,
829 620 882 686 79.
927 618 991 687 Sed
1014 626 1069 702 τῆς
1088 619 1189 708 ΙὈλυ-
1262 607 1268 614 ’

129 714 201 788 σίας
221 714 387 802 qnid‘sit,¹
407 739 504 782 nemo
526 717 660 782 dixerit.
704 717 814 804 ltaque
835 719 1064 788 Palmarius'l.
1087 723 1112 796 l.
1134 726 1190 804 τῆς

124 812 428 905 Ὀλυνθίαςτοροῃί
447 816 557 905 jubet3
594 818 694 885 luisse
716 819 804 884 enim
826 817 1013 908 Spartolum
1036 822 1189 914 Olyntho
1288 822 1292 830 ‘

125 916 343 1007 propinquam
365 918 452 983 etin
474 919 714 1009 Olynthiorum
735 920 869 988 ditione.
913 922 955 988 Et
976 947 1053 988 sane
1073 922 1194 1013 proxi·
1303 944 1306 950 ’

126 1043 217 1084 mam
244 1019 345 1084 fuisse
374 1020 570 1111 e-Thueyd.
598 1021 623 1085 l.
646 1022 670 1085 l.
694 1014 859 1108 apparete·
875 1023 917 1088 cf.
940 1021 1088 1112 Poppon.
1110 1041 1189 1112 pro-

125 1121 217 1207 legg.
239 1123 261 1185 2
281 1145 314 1209 p.
336 1120 489 1207 358.sq.;
518 1118 697 1211 subjectam
718 1121 951 1216 lrdsse'neque
973 1124 1188 1216 Thucydides

125 1221 207 1290 dicit
228 1245 332 1308 neque
353 1221 420 1288 alio
441 1224 511 1288 ullo
532 1221 655 1287 indicio
677 1223 791 1308 colligi
812 1239 925 1312 potest.
970 1222 1066 1292 (loni.
1084 1217 1188 1292 ¹etiam

126 1321 247 1402 1218.
308 1322 390 1389 Post
418 1323 549 1389 finitum
579 1337 688 1388 autem
720 1325 843 1389 bellu'm
873 1325 1188 1414 Peloponnesiacum
1278 1321 1284 1334 ’

126 1423 272 1491 dubitari
300 1424 362 1492 vix
392 1438 498 1514 potest
520 1423 599 1510 quin
626 1425 661 1489 in
679 1425 843 1490 'societate
866 1427 1068 1516 Olynthiaca
1088 1428 1190 1494 luerit

127 1524 389 1611 (eonfflloemel.
407 1511 555 1615 prolegg.
572 1526 612 1590 ad
622 1525 795 1592 Demostb.
814 1525 959 1616 Philipp.
974 1527 993 1593 l
1007 1543 1038 1593 et
1045 1528 1193 1618 olyra.-

125 1651 160 1714 p.
193 1627 269 1713 25),
311 1651 394 1714 quae
414 1626 530 1712 'qualis
556 1627 657 1691 luerit
693 1652 710 1692 e
737 1627 956 1715 Xenophonte
990 1628 1188 1714 intelligitur
1265 1713 1267 1716 .

67 1803 72 1810 ,
124 1725 260 1796 Hellen.
279 1727 328 1812 v,
350 1731 383 1811 2,
406 1728 447 1794 12
468 1752 538 1814 sqq.
563 1751 666 1813 neque
685 1743 760 1816 post
780 1729 905 1794 bellum
927 1754 1001 1795 cum
1017 1727 1196 1818 Spartanis

124 1830 246 1896 fractas
269 1825 509 1920 Olynthiorum
530 1853 623 1917 opes,
659 1829 716 1894 sed
738 1829 844 1916 magis
866 1831 964 1896 etiam
986 1846 1095 1897 auctas
1117 1855 1194 1897 esse.

126 1945 264 1996 constat.
307 1931 415 2015 Igitur
434 1929 506 1997 fieri
527 1930 633 2019 potuit
651 1931 816 2018 profecto,
843 1929 1095 2020 utlsaeiaetate
1117 1931 1188 2019 ple-

88 2017 94 2030 *
125 2055 246 2118 raeque
266 2032 364 2099 urbes
386 2032 515 2099 vicinae
537 2031 710 2122 Olynthiis
737 2027 900 2125 subjectae
921 2047 1027 2099 essent
1048 2046 1081 2098 ct
1100 2047 1187 2099 totus

124 2133 183 2200 ille
212 2147 333 2200 tractus
362 2133 546 2225 Olynthiae
576 2132 710 2198 nomine
738 2135 974 2222 appellaretur3
1005 2157 1073 2220 quo
1090 2132 1188 2199 illum

125 2235 260 2306 nomine
288 2257 376 2300 nunc
405 2236 476 2318 uti,
510 2235 588 2300 licet
607 2234 668 2300 illo
690 2234 816 2321 proelio
838 2234 1030 2315 recentiori,
1063 2235 1187 2302 mirum
1218 2259 1224 2280 ·

124 2335 233 2404 videri
262 2359 342 2402 non·
360 2336 490 2425 poterit.
510 2335 618 2401 nNam
646 2335 730 2423 opud
754 2334 987 2424 Thucydidem
1009 2331 1028 2418 ἡ
1050 2334 1185 2420 Bonam}

124 2435 298 2526 Spartolos
328 2451 485 2516 vocatur,
520 2436 607 2501 unde
634 2434 852 2525 Harpocratio
875 2459 1000 2521 quoque
1027 2435 1112 2502 πόλιν
1132 2443 1187 2519 τῆς

123 2542 276 2622 Bostaris
297 2538 388 2606 dicit.
431 2537 544 2624 ltaque
566 2539 669 2602 multo
686 2525 768 2602 'sane
786 2535 989 2624 probabilior
1009 2538 1090 2604 haec
1109 2538 1187 2604 Pal·
1315 2553 1321 2568 ¹

124 2641 223 2706 marii
244 2640 447 2731 conjectura,
476 2662 574 2725 quam
594 2636 746 2722 Reisltii,
778 2642 833 2720 τῆς
849 2635 1034 2722 Ὀδρυσίας,
1063 2639 1189 2705 seilicet
1306 2625 1309 2633 ¹

124 2739 317 2824 ut·lsaeus,
346 2743 495 2806 locorum
515 2763 595 2825 gnon
623 2739 701 2804 satis
732 2739 877 2828 peritus,
909 2739 1090 2831 Odrysiam
1111 2765 1188 2807 cum
1294 2769 1299 2779 ¹

124 2842 273 2909 Bottidea
295 2841 537 2908 commiscuisse
563 2853 735 2908 statuatur.
778 2841 929 2907 Alteram
950 2839 1081 2908 Reiskii
1100 2866 1188 2930 ⁴con·

123 2943 301 3037 jecturam,
330 2959 428 3030 quam
449 2959 556 3009 tamen
577 2943 649 3028 ipse
669 2943 769 3029 longe
785 2965 804 3007 a
819 2942 1107 3010 verisimilitudine
1125 2945 1187 3008 ab·

126 3069 195 3112 esse
211 3049 398 3132 profitetur,
425 3043 671 3128 τῆςὋδυσσείας
691 3043 867 3129 legendum
884 3068 971 3124 esse,
994 3045 1092 3131 idque
1107 3045 1186 3110 eona
1292 3131 1296 3136 ι

123 3147 328 3240 jungendum
342 3171 415 3211 cum
437 3151 658 3239 ovlopyoivac
675 3160 802 3212 turmae
821 3147 977 3241 equestris
991 3171 1111 3234 nomen
1124 3147 1186 3212 ha·-
1234 3137 1235 3140 ¹

126 3249 286 3332 bendum,
308 3263 339 3313 et
358 3243 498 3332 deterius
511 3247 609 3314 etiam
623 3245 747 3315 donesii
765 3262 1004 3330 commentum,
1034 3246 1186 3313 'Oboulev

124 3365 252 3416 turmae
280 3373 400 3442 nomen
421 3349 543 3427 fuisse,
579 3363 754 3435 cognatum
781 3347 864 3412 illud
886 3372 961 3413 eum
983 3345 1089 3427 ὀλοάς,
1122 3349 1188 3414 dtl-
1256 3401 1263 3412 ,

123 3456 216 3538 Epeos
233 3473 277 3502 ·-
297 3452 398 3518 verho
420 3463 675 3516 commemorare
696 3450 783 3515 satis
797 3463 854 3515 est.
875 3487 917 3498 -
942 3449 995 3515 De
1023 3439 1185 3518 structura

107 3568 233 3618 autem
259 3558 314 3636 τῆς
340 3550 525 3628 Ὀλυνθίας,
542 3550 573 3615 ἐν
604 3547 784 3637 Σπαρτώλῳ
810 3550 882 3617 vid.
911 3548 1041 3624 Sebaef.
1071 3552 1110 3619 ad
1142 3553 1186 3620 E.
1225 3630 1229 3638 ¹

111 3649 201 3718 'Bos
221 3675 253 3741 p.
266 3656 341 3721 399.
388 3649 571 3738 Φυλάρχους
583 3667 766 3718 turmarum
780 3653 960 3737 praelectus
974 3647 1075 3718 luisse
1088 3677 1188 3720 nemo
1249 3691 1255 3705 ·

121 3755 267 3840 ignorat.
311 3753 363 3820 De
383 3751 515 3842 παράλῳ
537 3754 728 3820 dictumest
757 3753 798 3818 ad
820 3753 857 3840 ᾖ.
880 3755 912 3837 θ,
935 3753 974 3820 de
995 3754 1122 3841 proelio
1144 3755 1185 3822 ad

123 3853 268 3922 Gnidum
288 3856 325 3922 in
346 3856 525 3942 prooemio.
1033 3858 1037 3867 '

208 3957 245 4044 ᾧ.
265 3955 320 4032 43.
352 3989 354 3994 ’
381 3953 663 4052 ἐξαργνρισάμενος.
704 3955 799 4040 99].
829 3955 925 4026 Duk.
957 3955 998 4047 ad
1026 3956 1184 4048 Thucyd.

100 4047 219 4142 'Vllt,
240 4057 294 4124 81.
307 4057 508 4144 Wesseling.
531 4059 571 4124 ad
583 4057 722 4125 Diodor.
745 4074 824 4125 tom.
848 4056 884 4124 ll
903 4081 935 4144 p.
943 4056 1017 4123 495.
1032 4051 1076 4108 -'
1089 4063 1188 4124 Kod-

122 4169 343 4246 ιπποτροφεΐν,
380 4183 444 4225 rem
462 4160 661 4246 familiarem
691 4160 775 4242 eqrais
801 4161 919 4223 olertdis
946 4160 1090 4244 perdere.
1132 4158 1188 4225 Ex

125 4260 242 4328 eodem
275 4283 395 4348 genere
422 4275 472 4338 est
493 4262 807 4346 καταπαιδεραστεῖν,
837 4274 919 4326 orat.
942 4261 981 4325 do
1002 4258 1186 4334 Aristarch.
