2846 4832
542 1285 590 1342 sa
623 1271 921 1343 onarsonnm
953 1219 1018 1347 vn.

248 1451 329 1524 ou
370 1403 1310 1528 seouuoooul'annnnr'rsru

646 1663 909 1710 HOMMIUMs

115 1887 118 1894 ⁴
249 1779 410 1885 Eupolis,
426 1779 655 1885 Thrasyllus,
676 1779 792 1886 hineso
803 1795 921 1892 fratres
938 1809 1033 1862 erant
1052 1785 1216 1885 germani.
1258 1795 1312 1864 Ex

249 1909 304 1977 his
325 1905 440 1978 hlueso
466 1902 504 1967 in
525 1902 631 1991 patria
654 1901 793 1969 decessit
812 1901 885 1969 sine
905 1904 1017 1992 prola,
1051 1904 1255 1998 Thrasyllus
1274 1907 1311 1974 in

214 2067 217 2072 Α
250 2005 459 2099 expeditione
481 2001 672 2088 Siciliensi,
704 2003 775 2070 nlio
805 2003 921 2070 relicto
942 2005 1160 2094 Apollodoro.
1203 2007 1312 2099 Hujus
1405 1999 1406 2006 ἵ

249 2107 387 2200 Eupolis
408 2119 543 2196 patruus
564 2106 701 2171 tutelam
718 2119 808 2171 tanta
828 2105 1039 2204 improbitate
1056 2093 1312 2195 administravit,

249 2228 287 2280 ut
307 2226 339 2278 et
360 2205 528 2275 Maesonis
551 2206 782 2290 hereditatem,
804 2207 896 2296 cujus
918 2206 1054 2274 dimidia
1075 2233 1152 2298 pars
1172 2210 1313 2299 Apollo·

240 2315 332 2382 'doro
354 2311 554 2392 debebatur,
583 2321 777 2394 testamento
805 2306 919 2375 fratris
939 2323 1110 2398 praetextu
1131 2324 1235 2378 totum
1256 2336 1314 2379 oc-

233 2428 403 2506 cuparet,
428 2424 460 2478 et
481 2435 499 2476 e
521 2408 664 2499 paternis
680 2407 805 2500 pupilli
819 2408 913 2477 honis
935 2433 1002 2478 non
1018 2435 1122 2502 pauca
1138 2428 1314 2484 averteret.

248 2513 388 2584 Interim
401 2511 601 2603 Apollodori
622 2527 746 2590 mater,
768 2510 947 2602 Thrasylli,
963 2503 1086 2598 sidua,
1106 2515 1315 2581 Archidamo

248 2617 381 2686 cuidam
402 2613 532 2705 nupsit,
562 2613 618 2700 qui
640 2629 672 2679 et
691 2613 867 2703 parvulum
888 2612 1082 2704 privignum
1102 2633 1238 2705 paterna
1259 2617 1316 2686 iu·

249 2716 419 2807 dulgentia
439 2715 522 2782 aluit
549 2730 645 2801 atque
671 2714 839 2799 educavit,
869 2730 901 2781 et
926 2731 1098 2806 postquam
1123 2716 1317 2785 adoleverat

249 2817 419 2889 accusanti
439 2815 583 2906 Eupolis
604 2830 747 2882 tutorem
769 2815 804 2881 iu
826 2815 952 2907 judicio
976 2817 1081 2901 affuit,
1108 2840 1233 2904 suoque
1253 2843 1316 2908 po-

248 2922 413 2989 tissimum
440 2916 623 3008 patrocinio
652 2916 760 2983 effecit
786 2935 823 2983 nt
849 2933 881 2984 et
906 2917 1079 2985 dimidiam
1108 2920 1272 2992 bonorum
1294 2945 1316 2987 a

247 3023 407 3091 Maesone
428 3019 618 3114 relictorum
641 3034 767 3108 partem
788 3033 820 3085 et
839 3035 1010 3108 paternam
1024 3019 1241 3088 hereditatem
1260 3037 1316 3089 to-

212 3185 215 3191 *
247 3139 318 3191 tam
344 3135 564 3211 recuperaret.
617 3117 713 3186 Hauc
742 3120 784 3187 oh
807 3143 938 3187 cauum
967 3135 999 3188 et
1027 3121 1184 3189 vitricum
1204 3123 1316 3211 privi-

248 3250 353 3316 gnus,
381 3225 463 3290 dum
478 3221 632 3306 vivebat,
659 3221 752 3288 omni
771 3221 891 3313 pietate
912 3223 1027 3308 coluit,
1054 3239 1086 3290 et
1105 3241 1237 3292 mortuo
1250 3225 1316 3293 illo

213 3385 216 3392 .
247 3327 353 3396 liliam
383 3323 452 3416 ejus
463 3369 476 3408 ,
510 3346 659 3390 sororem
686 3349 781 3392 suam
813 3323 997 3411 uterinam,
1026 3325 1172 3392 fraterno
1199 3351 1316 3394 amore

228 3423 422 3517 ‘amplexus
452 3439 523 3492 ests
555 3441 738 3514 postremo,
774 3439 878 3512 quum
903 3426 973 3515 ipsa
998 3425 1067 3517 jam
1088 3419 1200 3493 s'enior
1226 3427 1315 3513 filio,

248 3556 346 3619 quem
376 3551 479 3594 unum
516 3542 719 3616 susceperat,
754 3528 887 3594 orbatus
919 3521 1022 3608 ass'et,
1056 3527 1156 3616 hujus
1187 3529 1315 3596 sororis

95 3701 102 3710 ,
243 3627 326 3700 ’ωηο
346 3626 455 3696 lilium
475 3627 643 3720 adoptavit
669 3653 864 3718 omnemque
884 3629 935 3695 rei
955 3653 1033 3697 suae
1054 3627 1230 3697 familiaris
1252 3631 1316 3696 ad·

246 3729 527 3800 ministrationem
552 3731 650 3799 vivus
672 3731 778 3797 adhuc
801 3731 832 3797 ei
853 3730 1004 3797 credidit.
1047 3729 1179 3798 Mortuo
1192 3743 1316 3800 'autem

246 3833 454 3924 Apollodoro
483 3833 698 3900 hereditatem
719 3832 789 3926 ejus
809 3833 892 3922 petit
911 3831 1085 3923 Eupolidis
1105 3831 1196 3913 lilia,
1223 3832 1315 3902 Pro·

163 3931 166 3940 ’
246 3934 341 4025 napis
362 3934 531 4024 cujusdam
552 3958 658 4019 uxor,
688 3958 783 4003 soror
803 3933 956 4024 defuncti¹
969 3933 1146 4022 patruelis,
1175 3936 1315 4025 adopta·

245 4053 317 4104 tum
334 4039 375 4104 ab
388 4061 426 4104 eo
437 4038 545 4106 filium
562 4061 631 4104 esse
646 4061 782 4125 negans.
827 4034 950 4105 Contra
965 4037 1052 4102 hanc
1070 4033 1178 4103 oratio
1198 4050 1315 4104 nostra

70 4125 74 4132 ⁵
169 4129 174 4138 ⁹
244 4141 385 4208 hahetur
406 4155 426 4205 a
446 4139 516 4216 filio
538 4139 702 4230 adoptivo.

272 4275 275 4280 v
328 4241 363 4309 Is
377 4240 481 4330 igitur
494 4239 640 4331 primum
652 4225 867 4328 gravissimas
879 4239 950 4309 odii
966 4255 998 4307 et
1012 4237 1208 4307 inimicitiae
1223 4237 1314 4305 inter

244 4343 489 4444 Apollodorum
509 4357 605 4431 atqua
622 4333 799 4434 Eupoliu,'
813 4343 940 4432 gratiae
960 4357 1071 4412 autem
1091 4356 1124 4410 et
1144 4338 1314 4409 amicitia
