2910 4830
229 274 294 341 soe
553 269 627 340 uu
648 263 928 340 oasitanum
1072 227 1075 243 '

230 445 372 522 λαβοῦσα
404 436 567 525 Παράλου.
627 438 657 508 οἳ
689 439 724 504 δὲ
759 435 970 522 ἐπιβεβηκότες
1000 436 1098 523 αὐτῆς
1126 436 1293 505 ἐκαλοῦντο

230 540 376 630 Πάραλοι
388 543 435 629 (et
450 546 644 627 Παραλῖταο.
666 541 793 610 Pollux
803 539 901 626 VIII,
923 541 1012 628 116).
1055 537 1161 608 Plora
1175 539 1215 606 de
1231 540 1297 606 hae

230 645 353 715 Paralo
382 645 453 714 vid.
483 668 536 732 ap.
560 639 655 710 Suid.
683 642 782 711 Phot.
810 641 895 710 Lex.
918 643 1004 711 rhet.
1026 641 1139 709 Bekk.
1160 665 1196 730 p.
1216 643 1296 726 267,

204 808 209 816 .
231 748 286 814 21.
307 748 384 830 293,
405 748 439 812 3.
461 744 537 824 291,
561 745 592 813 1.
614 741 732 812 Schol.
754 742 795 809 ad
815 744 989 834 Aristoph.
1011 743 1080 812 Av.
1102 741 1177 810 117.
1200 743 1297 809 1297.

232 848 319 915 Rau.
343 849 438 914 1103.
455 846 581 914 Menas.
593 844 700 912 Leott.
714 843 787 914 Att.
808 842 856 930 ll,
877 848 912 931 7,
934 859 967 912 et
986 845 1045 933 qui
1063 868 1151 912 unus
1173 859 1223 912 est
1240 843 1298 912 iu·

233 963 302 1016 stat·
321 949 471 1042 omnium
482 947 634 1016 Boeekls.
657 946 699 1013 de
719 969 833 1014 oecon.
847 947 897 1012 rei
918 948 1010 1037 publ.
1026 946 1110 1014 Aah.
1130 945 1149 1011 l
1168 970 1203 1035 p.
1219 943 1298 1031 258,

234 1051 292 1139 qui
312 1065 343 1116 et
365 1051 405 1116 de
425 1050 528 1116 altera
549 1072 642 1116 saera
664 1047 810 1133 triremi,
842 1071 924 1135 quae
941 1048 1043 1116 Delia
1063 1073 1099 1116 v.
1111 1044 1299 1115 Salaminia

198 1233 202 1242 ι
232 1152 436 1232 vocabatur,
468 1164 500 1216 et
528 1151 568 1216 de
598 1149 663 1234 iis,
694 1173 776 1237 quae
802 1164 876 1239 post
902 1166 1126 1234 accesserunt,
1156 1148 1300 1216 Ammo·
1360 1235 1364 1242 ι

117 1319 121 1326 .
233 1253 333 1338 uide,
361 1251 587 1338 Antigenide,
618 1250 850 1335 Demetriade,
885 1249 1091 1320 Ptolemaide
1123 1249 1302 1337 diligenter

235 1355 400 1444 exposuit.
443 1352 655 1421 Proeliorum
676 1376 745 1418 uon
763 1351 928 1418 immunes
941 1349 1160 1420 Salaminiam
1181 1367 1215 1418 et
1233 1351 1301 1420 Pa·
1347 1357 1350 1364 '

234 1459 344 1524 talum
363 1455 464 1522 fuisse
486 1455 687 1522 demonstrat
707 1453 807 1520 etiam
828 1453 1044 1544 Thuoydides
1064 1452 1130 1537 lll,
1149 1457 1205 1521 77.

318 1554 483 1643 μάρτυρας
504 1557 684 1642 παρέξομαι.
706 1607 710 1616 .
732 1554 799 1621 llic
820 1579 947 1643 quoque
968 1556 1101 1623 titulum
1122 1558 1304 1621 MAPTY-

234 1663 319 1726 ΡΕΣ
342 1659 506 1728 excidisse
535 1671 687 1748 apparet,
715 1656 908 1746 monuitque
928 1655 997 1749 jam
1020 1656 1237 1724 Marklandus
1258 1655 1303 1726 ad

235 1762 320 1854 Lys.
343 1762 419 1828 adv.
443 1756 572 1824 Simon.
596 1783 628 1846 p.
651 1757 725 1825 111.

322 1861 359 1952 ᾗ.
373 1865 409 1929 7.
431 1859 532 1926 οὐσῶν
543 1860 646 1942 dando.
688 1857 735 1925 Η.
750 1883 781 1926 e.
794 1883 895 1946 quum
917 1874 973 1926 aut
985 1860 1116 1926 nullum
1137 1874 1193 1926 aut
1214 1873 1305 1926 certe

236 1988 304 2030 nou
324 1976 516 2053 perpetuum
534 1978 616 2027 esset
628 1959 801 2051 justitium.
844 1961 931 2028 Nam
946 1962 1029 2028 helli
1048 1976 1194 2051 tempore
1213 1959 1306 2050 judi·

114 2139 120 2150 Ι
211 2066 309 2148 .eia,
345 2063 474 2153 privata
502 2061 685 2149 imprimis,
722 2085 848 2129 cessare
875 2087 1116 2151 nonnunquam
1140 2063 1305 2130 solebant.

237 2165 319 2232 Vid.
342 2165 383 2229 de
401 2163 476 2230 ord.
491 2159 569 2256 jud.
591 2189 625 2253 p.
648 2163 723 2232 151.

132 2273 140 2281 “
322 2263 383 2330 dud
414 2265 562 2341 Μέλανος
591 2270 647 2331 τοῦ
666 2265 851 2350 Alyvmlov.
876 2293 879 2306 ·
902 2265 1089 2358 Aegyptius
1116 2265 1230 2334 siluit
1250 2265 1310 2332 hio

238 2370 361 2454 Melas,
389 2367 592 2454 inquilinum
614 2367 783 2454 (μέτοικον)
805 2369 948 2434 Athenis
968 2369 1071 2436 luisse
1093 2358 1240 2459 oportet3
1276 2381 1310 2434 et

239 2484 366 2546 constat
386 2469 569 2556 inquilinos
589 2493 610 2535 a
635 2469 741 2557 patria
764 2470 993 2558 cognominari
1013 2471 1128 2538 solitos
1150 2493 1238 2554 esse,
1271 2483 1309 2536 ut

238 2573 398 2663 Hippiam
419 2571 586 2638 Thasium
593 2616 605 2656 ,
636 2569 892 2660 Xenophontem
914 2570 1078 2658 Icarium,
1107 2571 1310 2661 Thrasybu-

239 2676 311 2742 lum
341 2672 584 2768 Calydonium,
616 2670 859 2762 Apollodorum
887 2673 1132 2764 Megarensem,
1167 2695 1311 2761 quorum

241 2775 366 2843 mentio
387 2777 424 2840 fit
445 2775 530 2863 apud
551 2772 750 2864 Lysiamin
761 2776 902 2864 Agonat.
922 2801 956 2866 p.
969 2775 1035 2842 177
1056 2773 1190 2843 οῑ192ο
1210 2775 1313 2842 item·

242 2865 305 2965 qu'e
319 2875 541 2966 Cleonymum
561 2872 770 2961 Cretensem,
803 2878 861 2964 qui
882 2876 1072 2946 nominatur
1091 2876 1181 2943 iulra
1203 2875 1241 2966 ᾗ.
1253 2877 1312 2962 37,

241 3002 303 3069 pro
331 2976 498 3063 inquilino
526 2973 684 3042 Reiskius
712 2977 827 3062 hahet,
869 2979 1009 3063 rectius,
1043 2977 1182 3068 opinor,
1212 3001 1314 3064 quam

243 3079 330 3167 quod
363 3078 453 3144 idem
479 3091 591 3166 postea
621 3078 662 3142 ad
684 3077 860 3146 Demosth.
893 3080 934 3146 de
960 3102 1075 3146 coron.
1104 3103 1139 3169 p.
1160 3075 1237 3162 219,
1270 3079 1314 3146 13

242 3182 332 3248 hono
345 3177 568 3268 Cleonymum
580 3176 819 3247 Atheniensem
839 3181 941 3248 fuisse
963 3195 1111 3247 autumat
1131 3203 1172 3246 ae
1190 3178 1313 3266 civem,

244 3305 308 3368 quo
330 3280 403 3367 quis
425 3278 549 3368 optimo
569 3277 662 3370 jure,
684 3282 741 3347 sed
753 3281 945 3349 Cretensem
964 3285 1067 3371 vulgo
1089 3281 1214 3348 dictum
1233 3305 1315 3371 pro·

242 3399 374 3472 pterea,
411 3379 497 3466 quod
526 3379 564 3444 in
585 3377 683 3447 Creta
703 3384 887 3472 plurimum
917 3384 1033 3451 aetatis
1054 3384 1194 3472 egisset,
1229 3383 1316 3448 sieut

243 3485 291 3550 T.
322 3471 526 3571 Pomponius
560 3482 600 3547 ah
622 3482 765 3552 Athenis
793 3488 979 3571 cognomen
1006 3484 1141 3575 aceepit.
1185 3479 1315 3570 Quam·

244 3607 319 3671 qam
348 3584 387 3648 in
412 3583 473 3649 tali
507 3606 545 3649 re
575 3584 754 3672 quidquam
788 3589 952 3658 affirmare
978 3587 1051 3675 quis
1083 3583 1189 3654 ausiti
1223 3582 1313 3650 Illud

244 3699 332 3750 certe
354 3709 422 3752 non
442 3684 642 3770 verendum,
674 3709 716 3751 ne
738 3685 811 3772 quis
832 3703 985 3778 corrupta
1013 3690 1095 3755 haee
1116 3667 1315 3776 cognomina

244 3786 357 3852 credat
388 3803 420 3852 et
447 3810 508 3877 pro
528 3786 702 3870 Αἰγυπτίου
727 3811 763 3855 v.
790 3813 822 3857 o.
835 3790 1014 3874 Ἀἶγιλιέως
1040 3804 1097 3856 aut
1128 3784 1314 3873 Ἀγνοοσίοο,

244 3911 306 3976 pro
328 3885 416 3972 Κρὴς
438 3904 554 3986 autem¹
569 3887 709 3972 Κριωεὺς
729 3891 978 3958 rescribendum
1000 3891 1153 3958 suadeat.

330 3986 384 4075 ἐφ’
415 3986 473 4075 ὅλῃ
501 4025 554 4052 -.
599 3985 638 4076 Si
662 4013 747 4082 *vera
780 4009 829 4058 est
853 3993 952 4060 lectio
972 4029 1016 4044 ·-
1042 4004 1076 4058 et
1103 4016 1219 4059 veram
1247 4014 1316 4057 esse

190 4115 195 4124 ·
245 4113 362 4160 censeo
377 4127 421 4140 -·
436 4087 491 4175 'ap'
514 4086 574 4174 ὅλῃ
596 4089 657 4175 (sc.
673 4089 777 4182 adalp)
791 4100 948 4160 ποιεῖσθαι
970 4119 1015 4160 ex
1034 4094 1181 4160 formula
1194 4093 1317 4158 dietum

243 4193 398 4271 videtur,
439 4189 639 4290 quamquam
675 4194 818 4262 alterum
851 4195 950 4288 hujus
987 4195 1195 4286 exemplum,
1232 4191 1315 4282 quod
