2942 4842
274 343 289 358 ·
368 327 432 397 αα
452 327 678 401 manneus
698 301 1014 406 ιιοιιιιοινιιιι.
1172 335 1236 406 ace

253 505 367 585 προῖκα
388 494 551 576 ἔπιδόντες.
593 499 693 587 Quod
715 500 752 567 in
774 502 846 571 cod.
864 501 996 593 Grippa.
1018 504 1075 572 hic
1097 520 1129 581 ct
1148 505 1237 572 infra
1267 585 1268 594 ἵ

168 601 206 688 §.
228 599 251 667 5
272 600 416 689 aprima
429 625 532 667 manu
552 601 777 690 scriptumest
796 602 996 690 ἐπιδιδόντες,
1027 607 1099 674 ιιοΙί
1119 631 1237 674 sanum

168 715 296 793 putare.
339 700 426 768 Nam
447 726 547 788 quum
567 704 650 769 haec
679 703 853 786 indicativi
873 709 1058 796 praesentia
1080 706 1238 792 ἔκδόδομεν

154 818 202 884 ,οε
222 803 347 886 δίδομεν
367 823 427 891 pro
449 803 580 870 coriatis
602 807 686 890 sint,
717 823 805 873 recte
825 807 996 896 participii
1017 809 1157 876 aoristua
1179 810 1238 875 ad·

168 903 321 996 jungitur
342 904 480 988 exlege
500 906 735 993 parallelicmi‚
758 908 1053 995 quam'tetigerunt
1067 907 1237 978 Schaeser.

171 1006 212 1072 ad
229 1005 404 1071 Demosth.
426 1004 461 1070 ll
482 1031 515 1095 p.
532 1005 608 1074 244.
630 1007 682 1074 ΙΠ
702 1033 735 1098 p.
749 1008 825 1076 432.
866 1009 1070 1101 Bernhardy
1089 1008 1233 1103 Syntax.

171 1131 206 1198 p.
228 1108 312 1186 383,
335 1121 368 1173 ct
388 1127 486 1193 quam
515 1105 684 1176 aLatinit
705 1133 832 1198 quoque
855 1110 892 1177 in
913 1112 1025 1178 verbio
1047 1112 1240 1201 deponenti·

172 1210 234 1277 bus
255 1207 426 1275 observari
452 1209 558 1275 solere
580 1209 756 1278 Walchiua
777 1211 906 1278 monuit
926 1211 967 1278 ad
989 1212 1100 1279 Tacit.
1122 1213 1239 1301 Agric.

172 1323 206 1428 p.
229 1310 304 1376 353.
359 1308 401 1374 In
427 1309 606 1397 praesentia
638 1326 747 1378 autem
768 1312 942 1402 participio
962 1313 1015 1381 via
1037 1312 1151 1380 acristi
1172 1337 1240 1380 non

170 1409 271 1476 ineat.
317 1391 370 1477 Gi.
394 1409 441 1494 de
457 1409 573 1478 Circa.
596 1413 669 1479 her.
692 1414 729 1501 §.
746 1415 821 1480 8et
841 1413 958 1504 Lya'
946 1439 983 1480 ιιι
995 1413 1123 1499 Diogit.
1148 1415 1185 1502 §.
1201 1415 1239 1482 8·

173 1508 232 1594 τήν
254 1535 286 1575 τε
305 1510 485 1598 μητέρα’
448 1517 550 1578 αοτῶν
581 1513 738 1580 ἐκδίδωσιν
759 1513 881 1590 ἐπιδοδς
900 1517 1142 1597 πεντακισχιλίας
1163 1517 1241 1600 δρα-

173 1608 274 1694 χμάς,
301 1613 360 1678 nbi
386 1615 479 1680 nulla
506 1629 556 1680 est
581 1615 733 1682 lectionis
753 1616 908 1685 varietas.
961 1615 1084 1684 Contra
1105 1617 1146 1682 dc
1166 1617 1238 1683 her.

178 1710 294 1780 Cleon.
324 1715 361 1802 §.
383 1716 438 1782 39.
467 1721 581 1800 προῖκα
603 1716 786 1794 ἐπιδιδόντες
816 1714 928 1806 ἑτέροις
948 1713 1121 1798 ἐκδιδόναι,
1152 1733 1239 1784 recto

143 1850 147 1862 =
176 1837 330 1906 praesens
350 1818 513 1905 praesenti
534 1818 697 1908 jungitur.
719 1865 724 1904 .·

180 1937 185 1944 '
263 1917 300 2004 §.
316 1917 350 1984 4.
373 1918 475 2002 ἐπειδὴ
497 1911 668 2007 οὖν·3κεόνῃ
688 1920 728 1986 τὰ
749 1918 931 2005 νομιζόμενα
952 1920 1101 2004 ἒποόηαεν.
1129 1919 1241 1988 Uxori

150 2089 152 2096 ,
180 2021 353 2086 defunctae
373 2020 414 2085 τό
434 2017 613 2105 νομιζόμενα
634 2044 654 2088 a
674 2022 794 2089 marito
814 2021 888 2089 ficri
908 2021 1059 2090 videmur
1080 2021 1179 2090 etiam
1201 2021 1241 2087 do

181 2121 379 2190 Philonem.
401 2123 473 2188 her.
498 2122 534 2209 §.
558 2125 612 2190 65.
1293 2109 1298 2118 κ

265 2223 303 2310 §.
324 2222 358 2290 5.
381 2220 627 2308 οδκόπροικον,
666 2220 708 2299 ὥς
729 2215 819 2300 οὗτος
840 2223 915 2309 λέγει
937 2221 1093 2290 ἑκάστοτε.
1136 2221 1242 2290 Vide-

181 2339 239 2391 tur
259 2324 468 2392 adversarius
489 2325 551 2390 hcc
572 2325 673 2391 ctiam
691 2339 884 2411 argumento
906 2349 984 2391 usus
1006 2347 1093 2408 case,
1114 2339 1151 2390 ut
1171 2325 1244 2391 Me·

67 2481 69 2486 .
180 2427 311 2492 neclem
341 2442 397 2491 aut
423 2448 545 2511 magno
567 2426 716 2493 mulieris
746 2426 838 2492 illius
860 2449 972 2492 amore
993 2443 1125 2514 captum
1146 2438 1243 2491 anta

182 2525 397 2594 iratribus
367 2551 436 2616 elna
457 2525 568 2626 atatim
594 2527 631 2594 in
651 2528 874 2594 contrahendo
894 2525 1105 2593 matrimonio
1127 2526 1246 2592 callida

182 2630 355 2717 deceptum
383 2637 553 2714 argueret,
587 2653 650 2716 quo
680 2628 896 2695 verisimilius
924 2631 1018 2694 fieret
1038 2651 1115 2693 eum
1134 2640 1245 2716 postea

157 2753 313 2819 nunqua
343 2729 383 2795 ad
414 2729 621 2819 adoptionem
648 2728 784 2797 alterius
810 2730 930 2796 iisdem
950 2731 1048 2795 rebus
1074 2727 1246 2793 inductum

185 2855 269 2900 ease.
297 2867 342 2880 -
370 2829 525 2898 Getarum
555 2832 595 2897 de
621 2831 696 2898 dote
726 2831 770 2898 ci.
793 2830 834 2897 ad
856 2845 940 2898 orat.
963 2830 1004 2895 de
1024 2827 1151 2920 Pyrrhi
1171 2829 1243 2908 her.

272 3033 310 3120 §0
331 3035 366 3100 6.
388 3029 532 3108 δόξαντός
551 3056 607 3098 τοο
629 3029 704 3098 εἶναι
725 3031 804 3112 όξιοι
824 3029 1094 3121 περιποιησάμενοό
1111 3053 1152 3097 τι.
1181 3029 1247 3098 Al-

186 3147 295 3201 teram
321 3133 531 3224 participium
552 3134 649 3201 alteri
670 3125 900 3223 subitaneum,
928 3146 965 3200 ut
985 3155 1082 3198 cauca
1104 3131 1246 3215 effectui,

187 3236 402 3322 quamobrem
422 3259 527 3322 neque
548 3236 663 3326 copula
685 3237 877 3303 adoratore
899 3233 1009 3300 addita
1030 3248 1062 3300 ct
1082 3231 1247 3298 dictinctio

187 3350 263 3425 'poet
283 3334 361 3412 ἄξιοι
372 3383 382 3414 ,
411 3360 509 3421 quam
539 3336 639 3402 ceteri
668 3337 807 3404 editores
828 3349 1024 3426 posuerunt,
1056 3356 1081 3399 av
1097 3357 1150 3398 me
1170 3329 1248 3399 snb·

189 3437 257 3502 iata
289 3452 336 3503 est
366 3441 409 3501 n'e
439 3436 808 3526 disjungerenturquac
835 3460 947 3504 aeneus
969 3434 1126 3526 conjungi
1146 3432 1246 3525 jubet.

190 3535 277 3603 Nam
305 3536 367 3601 3κεῖ
381 3561 450 3604 αοιι
477 3537 649 3605 minusad
679 3533 943 3624 περιποιησάμενοι
963 3536 1122 3626 pertinet,
1151 3559 1249 3622 qnam

194 3636 234 3705 ad
266 3635 420 3714 δόξαντες.
470 3637 531 3706 Gi..
546 3663 595 3706 or.
626 3640 663 3705 in
683 3639 801 3706 Neaer.
822 3665 857 3727 p.
880 3639 974 3723 1369,
996 3641 1049 3704 26.
1066 3635 1129 3720 ’τὴν
1149 3635 1248 3720 ἀρχὴν

189 3737 273 3822 ’παρ’
296 3737 391 3806 αὐτοῦ
417 3737 580 3827 πριάμενος
608 3736 760 3826 πάρεδρος
785 3737 956 3825 γενόμενος.
1008 3737 1144 3806 lacerat.
1173 3739 1249 3805 adv.

192 3837 393 3909 Callimach.
410 3864 439 3908 c.
458 3837 499 3912 13
519 3842 569 3928 [p.
578 3843 643 3908 376
655 3845 779 3926 extr.]:
799 3839 1098 3924 καταπολεμηθέντες
1119 3839 1167 3902 ἐπὶ
1187 3849 1251 3916 τοῖς

196 3940 321 4028 ἐχθροῖς
335 3939 496 4026 γενόμενοι.
509 3979 553 3992 --
572 3940 892 4028 περιποιησάμενοιόο
903 3941 1023 4031 pracda
1043 3940 1252 4028 potissimam

107 4093 112 4101 .
194 4039 442 4127 intellexerim,
473 4042 564 4130 cujus
586 4044 778 4133 praecipuae
798 4055 906 4133 partes
927 4039 1114 4108 fortissimis
1134 4040 1252 4107 militi-

73 4183 76 4190 ·
193 4141 258 4208 bus
279 4143 519 4234 abimpcratore
539 4144 808 4214 concedebantur.
840 4139 893 4211 Gi.
911 4141 1035 4212 Herod.
1053 4139 1118 4227 tx,
1137 4141 1192 4208 81.
1207 4143 1251 4207 cf.

197 4241 293 4331 vm,
313 4243 388 4314 128.
1135 4297 1138 4306 .
1276 4279 1278 4288 ι
