2910 4830
223 477 225 482 ,
315 400 378 469 nn
398 398 685 484 ιιιαοιιιιιιι
704 403 1022 502 innuuntur.
1132 410 1198 504 αντ

137 567 158 654 ἢ
179 569 215 636 τὸ
235 569 359 638 παιδίον
386 565 481 638 ἀστὸν
507 568 673 655 ποιήσοντι.
716 572 803 641 Nam
823 574 853 641 ei
872 573 953 643 civia
975 587 1082 643 mater
1100 593 1194 661 ercet,

137 670 246 738 filium
272 695 417 758 quoqne,
445 672 523 740 licet
550 673 719 761 spurium,
749 674 855 742 civem
876 689 985 742 tamen
1007 699 1076 744 ease
1097 702 1196 767 opor·

137 773 238 856 tebet.
291 771 372 840 Vid.
403 773 443 840 de
470 773 542 842 ord.
569 772 639 863 jud.
668 799 703 862 p.
724 773 788 842 429
814 799 863 863 sq.
894 773 1043 844 Platner.
1066 779 1091 845 l.
1113 780 1138 846 l.
1160 804 1193 867 p.

138 873 203 942 114
233 897 284 961 eq.
340 872 481 942 Videtur
515 874 620 962 igitur
652 872 848 960 chariades,
887 900 986 963 quum
1018 877 1196 947 Nicostrati

76 1061 80 1066 η
137 977 227 1044 hunc
247 975 354 1042 filium
376 999 445 1044 eaea
467 974 605 1055 diceret,
633 976 748 1046 matria
768 975 959 1046 condicione
979 977 1195 1066 dissimulata,

135 1075 328 1166 hujusmodi
353 1077 509 1166 petitione
542 1100 619 1146 uana
654 1101 740 1164 ease,
760 1092 812 1159 Vnt
844 1078 944 1146 simul
977 1067 1196 1170 adoptandum

138 1176 417 1264 (legitimandum)
438 1201 593 1266 puerum,
614 1177 716 1246 simul
735 1203 788 1258 ae,
809 1193 846 1244 ut
864 1178 1054 1268 proximum
1074 1204 1196 1269 cogna-

136 1294 230 1358 tum,
258 1279 452 1348 tutoremei
473 1279 618 1354 dandum
638 1303 707 1346 esee
728 1280 957 1364 contenderet,
983 1305 1049 1369 ,qna
1068 1281 1197 1348 rationo

137 1381 333 1448 alterutrum
351 1395 440 1446 certe
461 1404 496 1447 ae
516 1396 766 1466 assequutnrum
786 1383 953 1470 sperabat,
983 1398 1039 1449 aut
1059 1397 1097 1452 ut
1115 1406 1197 1472 puer

136 1481 198 1549 ilie
227 1482 453 1572 adoptaretur,
481 1505 546 1569 quo
572 1482 657 1548 facto
678 1481 734 1548 hic
756 1496 787 1548 et
808 1481 890 1550 civis
911 1484 1040 1550 futinus
1062 1497 1144 1552 ercet
1166 1497 1197 1548 et

136 1583 302 1650 bonorum
330 1582 509 1650 Nicostrati
536 1582 652 1666 heren,
691 1598 763 1666 aut,
800 1607 866 1650 non
903 1585 1053 1675 adoptato
1082 1571 1196 1672 puero,

137 1698 175 1752 ut
196 1683 361 1752 hereditas
380 1683 463 1774 ipsi,
501 1682 656 1773 proximo
678 1683 795 1774 quippe
816 1700 972 1773 cognato,
1006 1683 1197 1770 exlegibus

138 1784 390 1874 adjudicaretur.
438 1784 489 1852 Re
501 1798 588 1852 'vera
615 1784 724 1871 itaque
744 1809 811 1858 non
831 1805 890 1854 auo
900 1831 912 1870 ‚
943 1785 1001 1852 aad
1021 1785 1115 1874 pueri
1136 1808 1197 1874 no·

137 1887 228 1954 mine
248 1883 440 1975 petitionem
458 1887 554 1952 issam
574 1884 732 1966 instituit3
759 1885 857 1973 idque
876 1885 923 1952 ita
943 1909 1012 1954 eece
1033 1887 1132 1952 etiam
1153 1910 1196 1952 ex

103 1989 107 2001 ’
138 2011 179 2057 co
199 2005 350 2076 apparet,
381 1987 466 2074 qnod
494 1986 605 2054 atatim
624 1985 713 2055 inira
738 1984 758 2069 ἦ
780 1992 835 2052 τοῦ
855 1986 979 2052 παιδίον
1000 1983 1197 2073 ἀμφισβήτη-

139 2112 187 2164 σις
207 2089 437 2173 haecdicitur‚
464 2089 501 2156 h.
517 2113 546 2156 e.
562 2087 675 2177 petitio
695 2087 807 2176 pueri,
834 2088 906 2155 acil.
928 2112 987 2176 per
1008 2103 1198 2154 tutorem—

139 2189 181 2257 ad
209 2213 285 2256 eum
310 2190 476 2283 modom·
496 2189 537 2256 de
566 2211 630 2276 quo
657 2188 781 2256 dictum
806 2203 855 2256 eat
874 2188 915 2255 ad
938 2213 987 2259 or.
1009 2189 1050 2256 de
1070 2189 1195 2281 Byrrh.

138 2291 211 2359 her.
234 2292 270 2379 5.
293 2291 339 2359 3.
399 2312 402 2321 ’

223 2398 314 2458 τοῦτο
337 2390 368 2458 d’
390 2383 428 2476 ἦν
450 2389 534 2478 αὐτῷ
547 2429 600 2459 -.
620 2390 713 2458 Haec
730 2413 857 2476 qnoque
877 2406 1031 2481 corrupta
1050 2414 1120 2459 ecee
1139 2415 1199 2480 ap·

139 2509 248 2586 paret,
269 2495 326 2562 red
347 2492 458 2560 canori
477 2492 548 2560 aine
569 2491 734 2559 codicibus
753 2492 847 2558 n'ulla
867 2506 955 2559 certa
973 2491 1101 2558 ratione
1120 2485 1216 2579 pos..

140 2611 235 2682 aunt,
265 2595 478 2682 quamobrem
499 2592 694 2682 conjecturis
719 2592 948 2660 abstinendum
968 2606 1059 2682 puto.
1099 2588 1198 2656 Cete-
1237 2587 1241 2594 ’

127 2693 216 2764 'rum
241 2697 330 2766 nihil
357 2695 634 2775 desideraremus,
671 2694 701 2761 ei
728 2694 780 2760 hie
811 2692 921 2762 verbio
950 2695 1048 2783 plane
1069 2690 1198 2760 omiaaie

140 2800 321 2886 legeretur:
349 2793 431 2880 aiod
451 2831 495 2848 ·-
515 2792 774 2882 κληρονομήσων,
804 2793 824 2878 ἢ
844 2829 887 2842 ·-
907 2790 1052 2877 ποιήσων.

226 2898 341 2986 511.
385 2895 466 2964 nord
503 2894 539 2962 'td
578 2897 665 2972 τέλος
691 2898 886 2980 ζημιοῦσθαι.
949 2892 1106 2962 Dubitari
1131 2917 1199 2960 non

141 3008 264 3090 potest,
297 2999 376 3086 quin
406 2997 477 3087 ipsa
504 2996 751 3083 παρακαταβολὴ
777 2997 830 3065 his
856 2995 966 3066 verbis
997 2994 1197 3080 designetur.

65 3100 73 3110 '
140 3100 222 3168 Erat
242 3098 331 3167 enim
352 3101 434 3166 haec
461 3099 554 3186 quasi
574 3099 733 3185 quaedam
753 3097 906 3187 sponsio,
936 3119 1037 3183 quum
1057 3095 1216 3184 depones
1312 3149 1315 3160 .

141 3217 234 3268 retur
264 3224 282 3269 a
311 3201 448 3290 petitore
478 3201 636 3289 pecunia,
674 3222 755 3285 qnae
780 3213 910 3289 peracto
936 3195 1060 3289 judicio
1079 3196 1201 3266 victori

142 3303 276 3371 cessisse
294 3302 437 3372 videtur.
480 3301 572 3368 Haec
601 3301 709 3390 major
728 3301 879 3368 minorve
900 3313 970 3364 erat
988 3321 1048 3387 pro
1070 3296 1200 3384 quanti-

121 3419 208 3471 -tata
239 3403 309 3490 ejus
335 3403 404 3488 rei,
439 3402 478 3468 de
500 3425 564 3488 qua
594 3402 793 3484 certabatur;
832 3401 870 3466 in
890 3398 1108 3466 hereditatum
1128 3397 1198 3462 liti-

141 3505 203 3572 bue
231 3503 358 3570 decima·
385 3528 461 3593 pare
488 3517 558 3570 arat
582 3501 791 3586 hereditatis,
831 3524 929 3588 quam
957 3498 1030 3585 quie
1059 3500 1197 3587 petebat.

141 3604 223 3672 Vid.
254 3606 294 3672 de
322 3605 393 3672 ord.
426 3604 494 3696 jud.
521 3628 555 3698 p.
578 3605 642 3682 616
661 3641 704 3655 -
723 3603 798 3671 621.
850 3602 959 3687 Atque
978 3615 1110 3690 propter
1130 3601 1199 3682 vhoc

141 3707 269 3796 ipsum,
301 3706 358 3793 qui
384 3709 629 3793 παρακαταβολῇ
657 3706 851 3787 mulctatur,
879 3700 958 3768 κατὰ
985 3698 1021 3766 τὸ
1042 3700 1127 3774 τέλος
1148 3701 1200 3774 ζ-

141 3812 295 3891 cariadae
325 3805 462 3890 dicitnr3
492 3801 754 3894 qnandoquidem
780 3804 866 3879 τέλος
885 3802 922 3870 in
942 3801 1134 3868 universum
1153 3800 1200 3866 ei·

143 3908 278 3996 gnificat
297 3908 504 3997 praefinitum
524 3897 687 3994 quendam
714 3922 746 3972 et
765 3921 920 3972 statutum
941 3903 1091 3986 modum,
1118 3901 1201 3967 sicut

26 4007 27 4066 i
143 4007 290 4088 ἐπιβολὰς
317 4007 486 4090 ἐπιβάλλειν
507 4007 585 4074 κατὰ
606 4005 642 4072 τὸ
664 4007 751 4082 τέλος
770 4006 855 4096 apud
876 4004 1048 4072 Damoeth.
1071 4003 1108 4067 in
1129 4001 1200 4092 Ma·¹

27 4139 30 4208 2
143 4125 225 4178 cart.
247 4134 281 4199 p.
304 4111 400 4192 1076,
421 4110 463 4176 18
482 4109 691 4197 magistratus
712 4107 883 4192 dicuntur,
909 4107 944 4172 h.
967 4130 997 4172 e.
1018 4104 1104 4173 intra
1126 4126 1200 4183 eum

142 4209 280 4280 modum
290 4258 301 4290 ,
328 4210 416 4276 intra
432 4233 529 4296 quem
543 4212 699 4276 mulctare
714 4207 859 4280 iielicet.
901 4204 953 4274 Gi.
977 4206 1017 4272 de
1038 4203 1111 4270 ord.
1131 4201 1199 4290 jud.

142 4335 178 4401 p·
201 4311 256 4380 34.
307 4307 373 4380 Sed
400 4311 466 4378 alio
493 4333 590 4377 senen
616 4308 655 4374 cd
685 4316 851 4394 πρυτανεῖα
880 4305 1019 4471 σαιίιὲιια
1032 4305 1103 4385 τέλη
1133 4325 1201 4368 esce

753 4445 757 4450 ,
841 4405 844 4410 ’
882 4413 885 4418 “
992 4411 1007 4444 4
