2846 4832
289 389 353 457 on
374 386 681 464 ινοιιααοιιι
700 339 1019 463 αιιιιιιαιτιτα.
1123 401 1184 465 ιιι

124 584 186 648 qne
216 559 262 624 ita
290 557 448 650 scriptam
477 577 546 626 esse
565 560 676 654 credo.
719 557 849 627 lro'nice
876 565 985 628 antein
1006 563 1047 629 ad
1067 563 1188 632 τούτων

124 663 188 731 hoc
218 661 350 730 additur
379 662 476 747 φίλων
507 659 621 742 ὄντων,
654 673 755 751 qn'um
787 685 824 728 re
857 679 937 730 vera
964 663 1187 732 inimicissimi

123 775 243 831 essent.
264 801 307 814 -
333 763 389 834 Ad
419 759 582 847 incuicare
612 788 630 830 e
658 764 763 854 priori
794 765 943 830 membro
973 767 1187 855 repetendum

75 915 97 958 .·
123 881 171 932 est
193 864 240 932 ἀν.
285 862 419 932 Scilicet
432 866 495 931 hoo
512 886 639 953 quoque
654 865 872 958 hypothetice
887 865 1011 932 dictum
1033 881 1097 945 est,
1120 863 1186 935 non

31 1013 38 1026 ·
122 968 354 1054 minusquam
382 966 467 1032 illud
498 967 531 1030 nl
554 967 675 1050 βέλτιον
703 967 742 1032 ἀν
769 966 915 1051 ἔπραξεν,
946 969 1187 1054 prridsnoeret?

122 1070 335 1154 adoptaretnc
349 1070 482 1153 aliquem
502 1093 547 1134 ex
567 1071 690 1136 illorum
710 1069 835 1134 liberis?
874 1066 1003 1136 Similis
1024 1070 1116 1136 loctts
1139 1085 1186 1136 est

122 1171 208 1260 apud
230 1169 497 1238 Demosthenem·
514 1185 574 1238 ctr.
597 1172 736 1238 Onetor.
759 1169 795 1238 ll
821 1195 854 1260 p.
877 1172 951 1252 878,
975 1171 1035 1238 19ι
1069 1173 1096 1236 εἰ
1115 1168 1184 1237 τότ’

110 1272 209 1368 ,αὐτῷ
229 1296 275 1348 τις
305 1271 421 1338 ἔδακεν·
442 1267 591 1353 ὀμόσαντι
610 1310 654 1324 --
674 1273 867 1355 κομίσασθαι
890 1272 960 1358 (τὴν
981 1272 1128 1361 ιιροΐκα),
1156 1297 1184 1338 τι

123 1373 265 1458 ἐποίησεν
286 1372 326 1438 ἀν
332 1393 348 1454 ,ν
375 1371 395 1456 ἢ
417 1375 511 1457 δῆλον
532 1373 580 1438 ὅτι
601 1372 720 1456 ὤμοσεν
727 1401 739 1458 ,·
765 1375 795 1438 si
813 1374 880 1460 φαίε
900 1375 931 1438 ei
945 1373 1131 1459 permisisset
1151 1389 1185 1439 ut

64 1541 71 1548 ‚
110 1477 328 1563 jorrjttrondo
350 1477 451 1541 dotem
471 1489 686 1561 recuperaret,
717 1477 795 1560 quid
809 1475 964 1559 ficisset?
992 1477 1115 1561 Nempe
1124 1475 1185 1560 ju·

40 1575 43 1580 ’
120 1591 231 1644 resset.
277 1575 476 1644 Sohael'erus
486 1578 527 1642 ad
549 1578 583 1644 h.
604 1578 629 1642 l.
640 1580 896 1702 3„per⁴vellem,“
917 1577 980 1661 ait,
1006 1621 1070 1662 „
1042 1579 1086 1644 sic
1106 1579 1183 1642 scri·

115 1693 226 1766 ptome
257 1676 276 1762 ἢ
305 1676 437 1763 δῆλαν“
419 1701 467 1742 οτι
489 1677 608 1760 ὤμοσεν
634 1677 683 1746 ἀν.
696 1682 720 1720 “
763 1677 828 1746 Sed
850 1679 969 1746 sufficit
988 1679 1184 1770 particulam

119 1780 296 1867 cogitando
317 1794 476 1869 repetere.
519 1780 604 1846 ltem
624 1778 852 1868 apudlsaeum
874 1779 1046 1847 deGiron.
1069 1780 1182 1846 hffered
1276 1842 1280 1852 s
1401 1821 1405 1840 ,

109 1881 159 1970 ᾗ.
181 1885 241 1949 2⁰:
272 1880 317 1964 μὴ
339 1879 485 1948 αἶἰσθη
464 1907 520 1961 αν,
550 1885 577 1946 εἰ
595 1880 724 1966 τοιαάτη
746 1905 791 1966 ηις
810 1873 849 1966 ἦν
869 1879 889 1966 ἦ
909 1879 1012 1966 μήτηρ
1032 1877 1195 1965 ripeta—7*

117 1977 197 2070 μήτ’
220 1981 258 2048 ἀν
285 1981 340 2049 τάν
366 1981 525 2070 πατέρα
507 1989 595 2068 ημῶν
621 1981 738 2068 ηάμους
759 1981 926 2049 ἑστιᾶν-
883 1981 1066 2048 -ἀλλά’
1047 1980 1184 2068 αιιοιιρά-
1264 2013 1267 2032 ¹
1377 2043 1378 2054 ,

40 2119 49 2136 ·
118 2085 251 2165 ψασθαι
262 2091 367 2150 ταῦτα
383 2082 505 2168 πάντα,
526 2081 602 2169 μήτε
620 2083 678 2162 ,wic
700 2091 763 2151 τῶν
785 2085 888 2152 ἀλλων
909 2087 1054 2170 δημοτῶν
1077 2094 1184 2209 ηανναῖ-

119 2210 179 2261 κας
201 2185 409 2271 αἷρεῖσθαι”
389 2214 428 2254 αν
450 2184 610 2284 αὖτὴν-
567 2185 701 2251 -ἀλλ’
724 2185 854 2276 ἑτέρᾳ
833 2214 872 2252 αν
899 2211 958 2252 τινι
977 2187 1044 2271 περὶ
1064 2211 1120 2252 τοι
1122 2211 1183 2252 των

118 2287 305 2372 ἐπιτρέπειν,
343 2284 420 2370 μήτε
449 2287 522 2362 roric
553 2286 714 2373 φράτορας
741 2286 980 2369 εἰσδέχεσθαι
961 2294 1064 2371 ημᾶς,
1103 2287 1182 2354 ἀλλά

117 2399 298 2476 κατηγορεῖν
317 2426 378 2469 -,
410 2391 450 2474 ad
479 2385 743 2473 ἀποκρύψασθαι,
773 2389 979 2470 εἰσδέχεσθαι,
1005 2400 1183 2476 κατηγορεῖν
1234 2445 1236 2450 ,

117 2490 235 2556 eodem
263 2490 336 2581 jure
366 2491 443 2557 addi
475 2490 611 2556 debebat
639 2490 819 2580 particula,
850 2513 914 2576 qno
936 2489 1046 2555 addita
1072 2508 1120 2557 est
1140 2490 1183 2558 ad

117 2589 244 2671 ἑστιᾶν,
279 2591 454 2679 αἱρεῖσθαι,
492 2592 679 2677 ἐπιτρέπειν,
713 2606 744 2658 et
766 2615 866 2679 quom
893 2614 962 2656 non
989 2590 1099 2656 addita
1126 2593 1182 2677 sit,

11 2741 16 2752 .
117 2692 317 2779 cogitatione
339 2710 448 2761 tamen
469 2693 642 2784 repetenda
662 2685 721 2760 est.
766 2691 852 2761 Sunt
868 2691 958 2758 enim
976 2692 1183 2760 haecomnia

44 2881 47 2898 Ι
115 2793 242 2884 pariter
264 2779 473 2886 hypothetice
488 2798 593 2881 dicta,
615 2796 843 2920 pendentque
845 2796 885 2860 ab
902 2794 1016 2862 eadem
1037 2794 1096 2860 illa
1116 2795 1183 2886 hy-

21 2957 25 2967 .
117 2896 262 2985 pothesi=
290 2899 316 2962 el
336 2895 462 2981 τοιαάτη
483 2921 530 2973 τις
549 2890 587 2981 ἦν
607 2924 628 2982 η
647 2894 752 3062 ριήιηρ
772 2922 872 2980 ημιον.

205 2998 243 3087 ἦ.
264 2999 363 3064 35.
347 3025 381 3076 ος
401 2999 480 3065 τδ”
462 3025 539 3084 οντα
561 2998 712 3086 ἀφανίσαι
732 2997 867 3080 ἔμελλον.
910 2995 1008 3083 Quod
1030 2995 1112 3064 olim
1131 2999 1182 3064 le·
1209 3043 1211 3049 ,

118 3100 258 3183 gebatur
283 3077 405 3185 ἀφιέναι
437 3119 506 3168 tam
534 3117 581 3169 est
608 3101 780 3167 manifesto
808 3115 1016 3188 corruptum,
1045 3113 1089 3164 ut·
1109 3123 1182 3165 cer-

119 3200 282 3267 tissimam
310 3201 460 3268 Bekkeri
489 3197 749 3272 emendationem
776 3201 934 3270 asciscere
960 3225 1030 3266 non
1051 3201 1181 3274 dubita·

117 3301 239 3402 verim.
279 3299 378 3388 Ἀφαν
381 3304 506 3382 liar
469 3330 509 3370 τα
531 3304 628 3384 dero,
658 3305 711 3372 cui
726 3303 912 3394 oppositum
932 3316 981 3378 est
1001 3301 1177 3388 φανερὰ
1141 3327 1191 3366 ται

117 3397 195 3470 dno
218 3400 407 3468 καθιστάναι
436 3406 472 3493 ᾧ.
483 3399 591 3490 ’,“39
579 3432 608 3474 rs
629 3407 768 3488 dicitur,
799 3407 855 3524 ηιιί
885 3427 1002 3492 agros,
1034 3393 1182 3494 aedilicia

118 3505 250 3592 aliaque
276 3503 457 3632 ejusmodi,
486 3531 568 3593 quae
594 3532 695 3594 quum
720 3507 871 3576 omnium
901 3505 1005 3572 oculis
1034 3503 1183 3628 exposito
1290 3499 1301 3604 *⁴

117 3607 203 3685 sint,
239 3605 356 3693 φανερά
387 3606 477 3673 οὐσία
457 3625 691 3692 avocantur,
730 3609 878 3678 divendit
905 3623 937 3674 ct
967 3631 1042 3674 oum
1073 3605 1189 3692 ἀφανεῖ
1272 3611 1274 3616 ‘

118 3707 210 3795 οάσίρ
236 3709 506 3802 permutatim
533 3710 623 3777 enim
651 3689 788 3800 pecunia
816 3712 999 3828 appellatur
1019 3731 1102 3796 qnae
1127 3729 1183 3774 oc-

118 3773 240 3876 cultiri
268 3812 362 3877 nnllo
390 3811 522 3900 negotio
554 3827 671 3903 potest.
714 3811 802 3877 lllud
830 3812 934 3895 igitur
955 3835 989 3878 se
1018 3812 1184 3876 facturum
1275 3878 1282 3894 ρ

119 3933 190 3978 esse
205 3927 320 3997 nega13
343 3912 572 3980 adversarios'
561 3938 596 3979 tn
610 3913 744 3980 alterius
757 3913 849 3978 illins
861 3911 1059 4002 Apollodori
1074 3910 1184 3994 bonis,
1231 3949 1234 3972 .

119 4037 262 4099 quornm
284 4013 419 4082 heredes
440 4015 519 4080 iacti
533 4029 644 4098 erant,
672 4015 788 4081 fecisse
808 4013 1013 4081 criminatur.
1057 4011 1185 4078 Vendi-

118 4114 212 4179 derat
241 4114 330 4181 enim
362 4113 528 4205 Pronepes
555 4116 755 4204 Apollodori
788 4115 921 4204 praedia
951 4114 1003 4201 (ᾧ.
1032 4113 1086 4179 31.
1114 4110 1217 4197 lt.)-

106 4213 300 4326 opibusque
322 4217 390 4282 suis
409 4217 621 4284 dissimulatis
634 4216 791 4303 exiguam
810 4230 936 4282 tantum
957 4216 993 4281 in
1015 4236 1116 4279 censu
1128 4237 1186 4302 pe·

106 4295 251 4382 cuniam
282 4319 512 4408 profitebatur,
544 4343 608 4407 qno
638 4319 769 4388 facilius
790 4316 923 4408 publica
942 4307 1082 4382 munera
1099 4311 1187 4382 euh-

905 4417 986 4484 24*
