2824 4844
319 389 384 459 nn
405 341 620 459 cucuma
634 361 956 508 tmnaolrurn'.
1099 395 1171 504 ‚tec

105 581 207 645 qnum
237 557 278 626 dc
303 555 457 648 ἇγχοστείρ
482 573 611 626 tuntum
643 567 778 646 agutdr,
811 562 848 632 h.
871 586 900 628 e.
923 585 968 628 ex
978 583 1045 680 .οο,
1081 562 1168 650 quod

105 663 203 728 nemo
226 657 430 748 cognationis
451 659 524 751 jure
545 673 602 726 eut
627 661 780 750 petiverit
800 677 856 728 aut
882 661 1021 747 vicerit,
1053 661 1168 730 Theo-

106 783 243 849 pompus
264 784 300 828 se
322 761 428 836 hoo
414 785 488 879 pure
509 761 663 828 omnibns
682 763 844 852 potiorem
866 785 935 829 esse
956 763 1165 830 demonstret.

103 859 225 948 Itaque
245 859 331 928 mihi
357 861 527 948 scripsisse
553 861 663 928 leacus
694 862 827 930 videtur
853 859 942 931 οὐδὲν
969 861 1012 930 δι
1044 861 1167 948 pinni}
1278 915 1281 928 .
1381 903 1385 912 ·

104 958 153 1025 du
173 962 263 1028 οὐδὲν
290 959 396 1038 adroic
422 961 559 1046 ’enindus
579 960 740 1049 προσήκειν
760 962 879 1029 τούτων
900 970 961 1029 τῶν
985 959 1166 1049 χρημάτων.

189 1069 224 1144 5.
247 1064 300 1131 16.
322 1069 377 1148 τῆς
397 1062 433 1130 τὸ
455 1062 530 1130 αυτό
552 1065 677 1139 δικαίως
697 1069 790 1153 τῷ
762 1065 916 1151 Στρατίου
937 1066 1024 1129 παιδὶ
1045 1069 1168 1150 προση·
1261 1095 1264 1100 ’

104 1145 228 1247 τεοῦσης.
281 1164 351 1232 Ant
370 1164 547 1232 delendum
568 1189 637 1232 esse
659 1167 813 1250 Στρατίου
827 1171 895 1250 ,aut
915 1165 1141 1248 mutendunt'
1128 1187 1166 1231 ru

105 1265 335 1348 Στρατοκλέους
348 1266 558 1334 manifestum
575 1283 633 1334 eat.
677 1263 794 1334 Stretii
812 1267 901 1333 enim
917 1290 984 1332 non
998 1289 1084 1346 uuus
1103 1267 1167 1362 fuit

103 1366 212 1452 iilius,
242 1367 298 1435 sed
319 1367 447 1458 plurea3
475 1365 709 1455 nequeStratii
730 1383 779 1436 est
799 1369 855 1436 sed
872 1366 1044 1435 Stratoclis
1065 1365 1166 1452 filius,
1279 1389 1283 1396 ·
1390 1371 1392 1382 ⁴

103 1489 164 1557 pro
186 1467 279 1558 cnjus
309 1467 382 1557 jure
404 1467 612 1559 Theopompi
632 1469 841 1536 adversarius
863 1483 1058 1560 propugnat.
1102 1465 1166 1534 Ge·

104 1583 211 1634 terum
233 1567 407 1636 Eubulidis
437 1571 540 1636 filiam
570 1570 682 1657 utique
703 1570 834 1637 meliori
859 1569 932 1660 jure
952 1568 1167 1636 hereditatem

104 1667 236 1758 petiisse
247 1694 345 1756 qnam
357 1673 413 1740 rel
424 1669 594 1738 Stratoclis
608 1673 714 1738 filiurn
726 1673 781 1740 vel
792 1672 1045 1760 Theopompum
1057 1669 1166 1756 ipsum

103 1769 223 1855 exiis,
244 1795 326 1858 ques
341 1771 377 1838 in
393 1773 561 1862 prooemio
576 1775 660 1839 dicte
675 1773 771 1856 sunt,
792 1771 871 1838 satis
887 1785 1032 1862 apparet.
1056 1761 1166 1835 Ἦσαν

104 1867 167 1938 οἷοί
153 1871 261 1939 1.τεί
284 1897 316 1960 q.
340 1872 531 1960 ἐτόλμησαν,
560 1877 694 1940 nmmum
720 1874 930 1956 induxerunt,
959 1896 1020 1937 non
1040 1872 1166 1937 dubitu-

104 1965 189 2040 runt.
231 1973 344 2062 Neque
365 1976 455 2043 enim
476 1976 635 2044 assentior
661 1973 840 2041 Schael'ero
861 1975 901 2040 ad
923 1973 1093 2041 Plutarch.
1116 1971 1167 2038 lv

103 2100 137 2194 p.
159 2073 224 2143 324
253 2091 285 2142 ct
305 2079 392 2168 App.
415 2077 488 2144 crit.
517 2077 557 2143 ad
580 2077 755 2144 Demoatlr.
776 2073 864 2166 Vp.
885 2076 947 2173 53,
980 2073 1166 2140 encliticam
1219 2129 1221 2134 .

103 2177 141 2243 in
168 2177 230 2244 hac
255 2177 418 2244 formulae
445 2169 683 2264 significatione
710 2176 829 2243 melius
861 2177 973 2242 abesse
1000 2176 1165 2258 statuenti,

104 2277 160 2346 scd
181 2277 376 2346 Buttmanni
394 2276 553 2369 judicium
574 2279 676 2365 probo
697 2277 737 2342 ed
756 2277 930 2344 Demosth.
953 2300 1003 2342 or.
1025 2277 1062 2342 in
1081 2277 1164 2344 Mid.

68 2392 137 2470 ἥρ.
165 2381 225 2465 53,
253 2380 366 2466 paullo
395 2379 515 2445 fortius
541 2373 605 2453 οἷός
631 2402 664 2442 τε
684 2369 738 2460 ἧν
751 2401 850 2464 qnam
869 2368 991 2450 οἶυςῖυ
953 2404 991 2459 qv
1012 2377 1164 2444 dicentis.

102 2481 255 2568 Neque
243 2504 353 2567 ipsum
379 2477 593 2548 Schuesernm
621 2478 757 2545 offendit
775 2476 886 2562 Longi
911 2479 1002 2544 locus
1029 2478 1091 2544 lib.
1113 2475 1166 2544 lv

101 2604 137 2669 p.
160 2582 223 2648 118
243 2579 395 2649 Schaefis
424 2577 496 2656 οἷός
508 2604 540 2645 τε
561 2571 598 2663 ἦν
619 2577 635 2644 ὃ
657 2583 689 2644 Γ
686 2605 703 2644 τ
697 2577 793 2644 udus
812 2575 996 2662 βιάζεσθαι,
1018 2577 1085 2654 τὰς
1101 2587 1162 2662 χεῖ-

103 2706 164 2768 ρας
183 2683 375 2769 προσφέρων.

189 2783 295 2871 5.17.
317 2781 441 2868 τοπερὶ
462 2780 558 2866 ουτῆς
576 2781 716 2867 γένοςὴ.
740 2806 769 2849 e.
791 2777 934 2868 τογὲνος
955 2778 1068 2865 αυτῆςτ
1100 2779 1166 2866 qiu

98 2885 237 2970 ρυυᾰυυι
254 2883 465 2967 cognationes.
499 2881 596 2953 conf.
612 2885 715 2952 ador.
729 2884 770 2951 de
787 2882 905 2951 Cleon.
921 2884 993 2950 her.
1009 2883 1046 2971 5.
1057 2884 1112 2950 36.
1122 2929 1165 2942 -
1212 2933 1216 2940 1

101 2987 187 3054 Mox
199 2986 236 3052 in
251 2985 306 3052 his
318 2983 336 3054 ὃ
350 2985 585 3072 συγγενέστατον
602 2979 659 3069 μέτ’
673 2977 711 3070 ἦν
726 2991 765 3072 τῇ
785 2984 876 3073 φύσει
896 2982 1018 3050 πάντων
1038 3001 1167 3072 poterut

102 3112 184 3155 sane
205 3087 305 3154 ctiam
325 3085 394 3152 iord
413 3087 497 3170 dici;
526 3088 583 3155 sed
613 3087 842 3176 imperfectum
862 3087 909 3153 ita
930 3109 1164 3175 saepenumero

101 3205 296 3280 usurpatur,
324 3189 384 3255 nbi
410 3189 620 3276 designamus
641 3212 723 3276 quae
753 3188 929 3280 praeterito
950 3189 1060 3274 aliquo
1081 3204 1165 3256 tem·

100 3316 183 3383 pore
198 3291 329 3370 hocve}
343 3289 403 3355 illo
421 3290 519 3357 modo
540 3290 716 3358 se'hebere
737 3291 1004 3380 reperiebantur,
1034 3288 1164 3356 etiamsi

100 3394 160 3460 vel
188 3390 334 3458 maxime
366 3390 463 3457 etiam
484 3416 572 3457 nnnc
594 3392 708 3459 eodem
739 3416 774 3458 se
795 3393 892 3458 modo
915 3392 1066 3458 habeant.
1109 3389 1162 3458 cf.

99 3493 288 3561 Bernhard.
311 3488 454 3583 Syntex.
485 3517 517 3582 p.
540 3492 614 3560 375.
668 3491 758 3560 Hinc
778 3492 1062 3580 frequentissimus
1094 3490 1164 3583 ejus

99 3618 180 3668 nsua
202 3593 286 3684 apud
304 3591 477 3660 historicos
498 3609 547 3660 est
565 3595 602 3660 in
619 3595 792 3682 regionum
810 3593 1102 3684 descriptionibus,
1124 3595 1174 3660 de.

90 3719 167 3782 quo
188 3719 308 3782 genere
328 3692 398 3763 rid.
420 3693 567 3782 Kriiger.
590 3697 630 3761 ud
652 3695 809 3785 Xenoph.
830 3696 940 3764 Anah.
930 3721 996 3786 p.
985 3698 1073 3764 .37.

187 3795 224 3883 5.
239 3796 293 3864 18.
316 3791 382 3862 εἶτα
402 3792 529 3881 γράψας
546 3795 635 3880 ουοψ
636 3822 673 3861 ου
657 3793 844 3874 ‘'nutdug
816 3823 839 3863 ει
841 3819 902 3862 τοι.
938 3795 1163 3867 Scribendum

100 3920 219 3988 censeo
241 3895 371 3979 deceptor
382 3899 500 3962 uuidar
528 3921 605 3963 nam
619 3898 659 3964 de
672 3917 738 3964 una
751 3925 839 3967 nunc
853 3899 999 3987 loquitur
1011 3889 1163 3987 Hagnice

99 4014 224 4083 matre,
256 4022 338 4085 quus
361 4024 462 4087 quum
483 4013 567 4065 esset
584 3995 702 4068 Stratii
722 4024 834 4087 soror,
862 4001 932 4068 filia
953 4015 1062 4068 sutem
1074 4001 1163 4068 Pha·
1241 4037 1245 4044 ·

27 4185 29 4188 Ι
99 4098 264 4184 nostrati,
300 4124 357 4186 qur
347 4098 594 4166 consobrinus
624 4123 652 4166 s.
683 4101 786 4166 frater
804 4101 961 4191 patruelis
982 4102 1045 4168 snit
1065 4101 1163 4167 Pole-

98 4200 232 4285 monis,
260 4200 412 4289 Hagniua
433 4199 535 4292 patris
541 4247 553 4280 ,
576 4215 710 4289 apparet
729 4202 817 4268 inter
838 4227 872 4269 se
894 4203 1029 4281 ἀνεψιῶν
1050 4203 1164 4276 παῖδας

96 4303 200 4372 inisse
231 4315 369 4370 matrem
395 4317 428 4371 ct
452 4301 578 4390 filium,
613 4326 651 4370 uc
672 4303 767 4393 proin
796 4305 888 4370 illam
918 4303 1047 4385 ἀνεψιοῦ
1064 4305 1164 4374 παῖδα
