2824 4844
238 389 305 464 tad
436 379 442 392 ’
594 389 642 458 ΙΝ
663 379 939 458 ΟΒΔἩΟΝΕΜ

237 541 299 646 ,tol
318 555 402 624 τάδε.
445 555 597 625 (letarum
614 557 694 622 talia
714 554 876 645 oppositio
889 577 990 640 qaum
1010 553 1067 621 vel
1086 551 1232 620 maxime
1251 551 1287 618 ad

239 683 310 727 rem
329 657 508 748 pertineat,
540 659 623 724 solet
634 658 704 723 lara
723 657 776 722 illi
796 652 967 738 ἐβουλόμην
987 655 1087 720 etiam
1108 653 1287 720 concessiva

239 758 399 850 particula
417 757 473 839 μίν
489 756 585 841 addi,
615 755 708 843 quasi
724 757 882 842 quaedam
901 753 1112 843 oppositionis
1129 777 1288 844 praenun-

239 861 311 942 cia,
340 881 438 944 quam
458 880 558 942 quum
578 871 691 923 nostro
712 856 784 921 looo
805 855 884 922 libri
905 878 973 920 nou
993 856 1134 920 babeant
1143 899 1157 933 ,
1187 855 1288 921 insor-

238 975 305 1026 tam
337 972 446 1024 tamen
481 955 684 1024 allekkoro
717 957 894 1022 exturbare
920 957 1024 1022 nolui.
1085 953 1288 1042 Quamquam

237 1073 370 1148 prorsus
391 1079 458 1123 uon
478 1079 573 1146 posse
600 1059 711 1124 abasse
732 1057 883 1144 equidem
903 1079 970 1122 non
990 1055 1231 1138 contenderim
1260 1070 1288 1120 et

237 1161 327 1224 abest
345 1159 381 1223 in
401 1158 474 1223 loco
493 1180 560 1224 non
582 1157 749 1240 absimili,
779 1157 951 1224 Demostb.
973 1179 1121 1243 prooem.
1142 1178 1178 1242 p.
1195 1155 1288 1238 1441,

235 1263 274 1326 7ι
306 1255 477 1341 ἐβουλόμην
503 1255 560 1337 ἀν,
581 1251 631 1324 ἀ.
661 1255 694 1322 ά.
719 1255 811 1336 Ἀθη
842 1256 901 1341 τὴν
926 1250 996 1340 ἴσην
1031 1255 1170 1338 σπονδὴν
1196 1257 1289 1331 ἑνίσας

235 1365 391 1426 nemetae
409 1376 464 1409 -·
491 1361 546 1424 νῦν
566 1355 601 1422 d'
623 1357 699 1423 i'raoi
714 1383 768 1440 μοι
788 1359 912 1424 ἀσκοῦσι
932 1363 999 1423 κτλ.
1038 1357 1125 1422 Nam
1144 1357 1232 1444 quod
1252 1355 1288 1422 ἀι

235 1462 270 1528 Ιι.
298 1462 323 1528 l.
354 1459 500 1526 additum
530 1472 597 1543 ert,
615 1459 717 1545 ¹apud
744 1457 877 1526 laecum
907 1473 1015 1524 autam
1046 1450 1225 1542 omissum,
1254 1457 1288 1522 id

233 1561 358 1628 nullius
378 1561 418 1626 ad
439 1559 525 1626 bauo
546 1559 679 1646 quidem
698 1581 771 1626 rem
790 1559 948 1627 momenti
969 1573 1027 1625 eat.
1049 1551 1097 1608 —‘
1126 1559 1211 1624 Μαι
1229 1581 1288 1646 pro

233 1663 334 1745 ψισάῆ
361 1661 453 1744 λέγειν
467 1660 596 1726 ¹malim
626 1660 775 1746 equidem
796 1660 896 1736 scribi
915 1659 955 1724 τά
975 1660 1076 1742 arodi]
1096 1657 1207 1743 mera,
1237 1673 1287 1724 ut·

232 1777 306 1852 pote
328 1775 360 1827 et
379 1774 547 1828 oratorum
567 1760 795 1827 consuetudini
816 1762 918 1827 atrei
938 1759 1004 1847 ipsi
1022 1761 1129 1845 magia
1151 1767 1287 1824 conson-

231 1877 380 1946 tanoum,
417 1876 449 1927 et
478 1861 563 1948 qnod
594 1861 840 1929 commendetur
871 1864 926 1928 vel
953 1873 1089 1947 propter
1120 1855 1287 1947 sequeutia

231 1963 333 2030 verba
350 1960 484 2044 τάληθῆ.
505 1963 596 2028 εἰπεῖν
623 1963 808 2047 δυνηθῆναι.
848 1962 902 2030 Da
922 1961 1112 2049 loquutione
1133 1963 1223 2044 δίκην
1243 1958 1291 2054 αἶ’-ιι

231 2077 312 2146 ρηκα
333 2062 455 2128 dictam
476 2059 524 2128 eat¹
544 2065 586 2128 ad
608 2088 658 2130 or.
681 2065 721 2130 d'e
742 2063 865 2154 Pyrrh.
888 2064 960 2129 bor.
984 2070 1016 2143 ς.
1038 2065 1096 2129 22.
1162 2079 1165 2090 ’
1195 2073 1200 2080 ’
1244 2060 1250 2088 ’·

314 2162 352 2249 ᾗ.
374 2166 406 2230 23
430 2160 635 2248 ῑήιάγκάσμαι
660 2163 717 2247 pii*
744 2156 799 2230 σῧϋ
825 2175 870 2216 -ὲ-
892 2163 959 2246 τὴν·
979 2166 1098 2249 μητέρα
1124 2157 1194 2246 ἰὴνλ
1210 2161 1291 2246 ἀμὴν*

229 2261 306 2349 πρὸς
327 2267 366 2348 τῇ
377 2261 531 2350 ἀνακρίσει
540 2263 747 2358 ιἈριστάρχιιιι
761 2259 838 2329 ιίναι
856 2263 992 2350 ἀδελφὴν
1004 2258 1285 2349 προσγράψασθαι.

229 2361 420 2453 Suspicatus·
449 2365 567 2452 aliquis
588 2389 648 2454 pro
674 2371 713 2450 τῇ
740 2363 893 2453 ἀνακρίσει
913 2365 1135 2454 reponendum
1156 2389 1227 2432 ease
1246 2369 1285 2449 τῇ

228 2463 415 2551 ἀντιγραφῇ,
444 2466 547 2532 libello
570 2468 732 2552 petitorio
744 2466 828 2551 (vid
850 2467 890 2532 da
911 2467 982 2532 ord.
1009 2465 1111 2555 judio.
1131 2487 1165 2552 p.
1188 2468 1283 2552 629),

227 2567 500 2651 quemadmodum
520 2568 603 2658 apud
617 2567 787 2668 Lysiam'
775 2567 960 2655 ruAgorat.
981 2591 1013 2656 p.
1004 2567 1090 2634 .505
1109 2567 1284 2655 magistra-

226 2681 320 2731 tuum
349 2665 441 2756 jussu
471 2665 635 2750 ἀπαγωγῆς
671 2657 784 2734 libello
816 2667 938 2754 aliquid
972 2667 1175 2768 adscriptum
1197 2667 1283 2792 logi-

225 2787 315 2840 mus:
352 2768 477 2833 ἀσκοῦσι
505 2766 587 2831 δ”’
568 2790 666 2851 ιμοιγι
697 2767 727 2832 oi
758 2767 922 2834 l'adsao‘
892 2794 921 2833 or
951 2761 1194 2852 παραάεξάμινσι
1215 2767 1284 2851 τὴν

223 2863 389 2952 ἀπαγωγὴν
407 2903 452 2917 -
470 2865 738 2954 προσγράψασθαι
758 2867 826 2934 τότε
852 2867 907 2933 ἐπ’
935 2866 1164 2955 αάτοφιάρῳ.
1212 2871 1285 2935 Aut

223 2967 367 3034 faciliori
388 2967 488 3033 otiam
508 2968 689 3035 mutatione
708 2969 748 3054 ἐνΔ
762 2974 801 3056 τῇ
821 2969 976 3054 ἀνακρίσει
996 2959 1213 3053 describatur,
1243 2972 1287 3034 ἀι

223 3070 287 3134 litis
305 3069 521 3147 ιάιινιιασισιιι,
542 3082 579 3134 ut
598 3069 696 3136 bodie
717 3067 790 3138 thi
808 3061 1003 3158 loquantum
1031 3095 1110 3136 nam
1121 3071 1162 3136 ad
1183 3093 1284 3157 πρασ-

221 3165 411 3253 γράψασθαι
430 3168 527 3234 facile
548 3170 805 3258 subintelligitur
819 3172 948 3240 dativus
969 3177 1010 3257 τῇ
1031 3170 1203 3258 ἀντιγραφῇ
1225 3174 1282 3246 vel

221 3275 261 3358 τῇ
278 3268 369 3354 λήξει.
411 3268 538 3352 Quodsi
557 3294 654 3338 sanus
671 3275 840 3357 catiacus,
861 3274 1066 3340 statuendum
1078 3273 1282 3362 erit,'ipsam

220 3366 379 3452 ἀνάκρισιν
391 3369 510 3458 scripto
523 3373 744 3461 consignatam
758 3397 796 3439 ao
808 3373 969 3464 judicibus
981 3374 1183 3464 propositam
1195 3367 1279 3458 esse,

220 3471 337 3555 easque
356 3467 543 3554 ἀνακρίσεως
561 3475 707 3558 tabulas,
750 3476 842 3561 quasi
864 3475 1025 3562 quoddam
1045 3467 1279 3561 protocollum,

219 3583 252 3635 ot
270 3569 357 3658 ipsas
376 3568 540 3658 ’ἀνάκρισιν
565 3585 699 3642 'vocatas
721 3587 818 3657 esae3²
838 3591 1033 3663 quamquam
1054 3573 1158 3658 alibi,
1188 3577 1278 3661 quod

217 3670 348 3756 quidem
369 3695 432 3759 ego
453 3675 574 3754 sciam,
605 3675 704 3766 hujus
725 3676 941 3744 moriannlla
961 3673 1156 3744 mentiofit.
1198 3674 1278 3744 tam

215 3793 294 3837 vero
315 3773 392 3839 lanio
412 3777 468 3843 val
483 3779 665 3865 protocollo
680 3780 735 3845 vel
755 3779 869 3844 libello
890 3778 974 3844 illud
995 3801 1030 3844 se
1049 3797 1182 3866 passum
1201 3792 1277 3844 ease

214 3871 261 3936 ait
282 3888 317 3938 ut
339 3875 599 3957 adscriberetur,
628 3897 767 3944 matrem
788 3903 882 3946 auam
902 3903 1049 3961 sororem
1069 3877 1170 3943 fuisso
1188 3878 1277 3943 Ari-

212 3976 334 4041 starchi
362 3976 502 4042 minorie
523 4001 628 4069 nuper
648 3979 811 4064 defuncti,
843 3981 961 4082 quippe
988 3981 1067 4067 qui,
1095 3992 1131 4044 ut
1153 3981 1276 4047 adver·

210 4076 292 4142 sarii
313 4077 593 4164 contendebant,
609 4081 743 4170 majoris
764 4073 951 4150 Aristarclii
975 4081 1092 4150 lilius
1078 4095 1169 4148 esset
1190 4078 1275 4146 ado·

209 4177 337 4266 ριίνιισ,Ι
373 4185 411 4243 ao
431 4180 541 4268 proin
547 4182 696 4248 mulieris
725 4184 817 4250 illius
838 4207 898 4270 per
919 4169 1126 4273 adoptionem
1147 4175 1272 4264 irater3

207 4277 304 4362 idqu'e
321 4293 491 4368 propterea
502 4306 536 4349 se
550 4284 618 4374 pati
627 4285 831 4375 oportuisse,
853 4283 1012 4372 q'uoltiaur
1030 4307 1099 4353 non
1119 4283 1280 4376 potuerit
