2824 4844
194 326 241 395 ιιι
259 325 824 400 momenmentum
846 293 1066 440 ιιιιοιιι.Δ
1117 332 1187 404 ιιι·

126 494 272 586 subiecto
296 495 455 566 infinitivi
486 495 560 580 ὕμιν
586 497 737 566 habitum
764 523 833 568 esse
859 499 957 582 illum
991 502 1100 592 iprum
1127 502 1198 592 qui

125 599 288 685 loquitur,
314 598 349 694 id
371 599 456 686 qnod
483 597 557 665 fieri
576 623 647 666 nou
666 623 761 689 posse
781 603 949 690 sequentia
962 599 1087 670 ¹docent
1107 602 1185 684 ὥσιε

124 701 212 776 δίκας
231 697 378 775 ιοιαίιιας
405 697 580 785 λαγχάνεινι
614 724 720 788 neque
740 703 830 770 enim
849 703 879 771 is
900 704 955 772 scd
977 703 1185 772 adversarius

125 799 183 883 τὴν
201 802 290 886 δίισρν
306 801 424 884 ἔλαχεν.
466 800 594 869 Verum
610 824 652 867 ne
673 799 729 868 liic
746 802 879 891 quidem
896 805 1104 874 aduersarius
1120 809 1186 924 pio

124 901 269 992 subjecto
285 902 407 970 haberi
416 916 539 992 potest,
570 927 671 990 quum
686 905 899 972 manifestum
916 905 960 972 sit
979 906 1014 972 in
1031 907 1186 997 pr'oximo

89 1022 91 1026 ’
124 1005 277 1072 membro
301 1027 383 1092 quae
402 1003 459 1071 de
465 1003 655 1072 edversario
682 1005 862 1072 dicuutur
856 1007 977 1097 opponi
1002 1006 1081 1092 his,
1103 1031 1187 1106 quse

124 1105 161 1170 in
180 1105 286 1194 priori
306 1107 393 1172 dicta
413 1120 507 1174 sunt:
541 1107 755 1194 quamobrem
774 1108 856 1174 haec
877 1109 917 1174 de
945 1107 1011 1174 alio
1032 1110 1187 1198 quopiam

127 1207 213 1273 dicta
234 1229 304 1274 csse
325 1220 463 1296 oportet.
506 1207 618 1294 Neque
640 1232 701 1318 ego
723 1209 980 1276 commodiorem
1000 1209 1100 1276 totius
1119 1209 1189 1276 lo'ci

125 1309 318 1376 sententiam
346 1323 500 1399 expeto,
521 1333 619 1396 qoem
647 1325 684 1376 ut
712 1326 824 1378 orator
848 1311 936 1377 velle
962 1331 998 1376 se
1019 1309 1110 1376 dicat
1131 1325 1188 1377 aut

124 1409 291 1476 neminem
311 1424 378 1476 tam
398 1407 539 1500 turpiter
566 1409 654 1477 lucri
674 1411 829 1500 cupidum
850 1435 921 1478 esse
941 1419 982 1477 ut'
999 1410 1116 1478 alienis
1136 1411 1188 1477 sa·

125 1503 300 1577 cultatib'ue
327 1511 503 1579 insidietur
528 1513 673 1599 talesque
699 1512 842 1579 actiones
862 1511 1020 1580 adversus
1040 1511 1187 1600 insontes

123 1610 291 1693 instituat,
309 1628 376 1679 -aut
402 1628 494 1680 certe.
515 1637 612 1689 suum
627 1613 885 1706 aduersarium,
913 1613 1031 1703 quippe
1056 1612 1188 1699 ἀδελφι-

125 1715 217 1794 δοῦν,
248 1737 324 1782 enas
344 1714 452 1803 potius
467 1739 526 1781 ιιι
547 1737 645 1800 egere
666 1737 765 1803 quam
790 1704 909 1782 tutoris
932 1716 1017 1781 bona
1037 1730 1188 1804 appetere

125 1830 187 1881 etc.
235 1812 327 1882 Idem
358 1815 460 1883 fuisse
480 1814 630 1883 Bekkeri
658 1815 819 1904 judicium
841 1816 1086 1883 emendationes
1117 1814 1188 1904 ejus

125 1915 316 1985 ostendunt:
346 1917 520 2004 exquibus
537 1940 638 1983 unam
654 1914 732 2000 πρός
745 1914 885 2003 χρήματ’
902 1928 963 2005 pro
978 1915 1174 2004 προσχηματ
1175 1964 1186 2000 ,

123 2033 234 2108 utpote
254 2035 286 2085 ct
306 2019 523 2087 certissimam
544 2034 577 2085 et
596 2019 809 2105 facillimam,
835 2017 989 2143 recipere
1001 2043 1069 2085 ιισιι
1091 2017 1188 2084 dubi·

124 2119 211 2188 tavi:
246 2121 382 2186 alteram
413 2123 439 2186 ι1
464 2121 498 2185 δὲ
523 2117 584 2204 μή,
622 2118 693 2184 ἀλλ’
716 2110 771 2186 cdv
790 2116 900 2187 τσῦιόν
919 2143 963 2204 γε
971 2118 1026 2210 dvc
1030 2117 1187 2205 ’ἀδιλφι-
1260 2141 1263 2148 “

125 2223 215 2300 δοῦν,
242 2220 321 2287 licet
333 2198 446 2309 paullo
462 2222 689 2306 audaciorem,
716 2222 817 2288 talem
834 2231 945 2287 tamen
964 2201 1094 2310 jndice,
1123 2242 1187 2307 qua
1302 2287 1308 2294 ,

125 2323 297 2391 meliorem
318 2345 415 2388 nemo
430 2321 595 2390 inveniet.
623 2322 753 2388 tertiam
769 2321 924 2407 denique,
951 2319 1070 2404 μηδένα
1091 2344 1187 2410 repo·

125 2425 270 2491 nendum
287 2445 375 2508 esec,
406 2422 450 2490 ite
467 2424 660 2513 comprobo,
690 2437 727 2487 ut
747 2423 816 2485 λίαν
831 2444 899 2487 non
917 2423 1092 2488 delendum
1110 2445 1187 2486 cen·

126 2548 227 2594 seam.
275 2522 415 2614 Scripsit
440 2525 579 2591 fortasse
604 2523 716 2590 leacus
744 2521 863 2604 μηδένα
890 2523 959 2588 λίαν
989 2519 1088 2597 οὕτως
1108 2520 1188 2585 dno-

125 2627 294 2710 νσηθίντα.
334 2628 387 2693 De
408 2625 622 2693 collocatione
637 2623 789 2691 adverbii
809 2621 907 2698 οὕτως
926 2625 1013 2690 conf.
1036 2647 1118 2709 quae
1139 2621 1188 2687 ci·

126 2730 197 2797 tavi
222 2729 263 2795 ad
295 2752 345 2795 or.
368 2728 408 2794 de
429 2726 555 2818 Pyrrh.
577 2728 650 2794 her.
684 2725 721 2813 ἦ.
743 2727 798 2792 37.
843 2723 1030 2806 duosve-‘hig
1056 2736 1103 2789 est
1130 2722 1188 2808 qni

127 2853 222 2896 caeca
243 2844 276 2895 et
302 2827 418 2894 effreni
446 2827 621 2917 cupiditate
642 2827 784 2914 agitur.¹
806 2825 950 2916 Dionys.
972 2823 1052 2890 Hal.
1074 2823 1120 2889 A.
1142 2821 1185 2888 R.

12 2951 15 2960 ¹
125 2931 191 3016 IV,
211 2931 256 2998 28
282 2929 322 2996 de
343 2929 480 3012 Tullia}
512 2927 614 2994 ἔπειτα
644 2929 678 2993 δὲ
704 2924 724 3012 ἡ
751 2925 830 3010 κακὴ
856 2924 913 3009 τὴν
942 2923 1035 3012 φύσιν
1055 2921 1187 3006 dauver]-

127 3039 221 3099 θεῖσα
241 3033 293 3097 καὶ
321 3032 477 3115 νομίσασα
497 3038 563 3104 τοῖς
589 3026 700 3114 ἑαυτῆς
725 3026 850 3116 τρόποις
870 3025 1032 3113 ἁρμόττειν
1052 3022 1187 3109 μάλιστα

126 3134 183 3200 τὸν
197 3139 253 3213 τῆς
270 3133 403 3220 ἀδελφῆς
417 3131 534 3220 ἄνδρα,
553 3131 779 3218 μεταπέμπεται
794 3126 901 3199 αὐτόν.
943 3126 1098 3197 Ceterum
1112 3132 1202 3194 cum'
1324 3143 1326 3148 '

126 3250 195 3306 tota
214 3234 343 3324 periodi
356 3234 613 3302 conformatione
629 3233 718 3301 conf.
739 3233 814 3302 init.
834 3233 879 3300 fr.
898 3229 943 3299 V.
965 3244 999 3297 et
1010 3228 1185 3330 Demosth.

126 3338 165 3404 iu
184 3335 306 3423 Euerg.
328 3359 362 3424 p.
384 3334 479 3420 1140,
499 3338 531 3405 5.

212 3437 271 3526 ὕφ’
293 3432 382 3520 ἡμῶν
412 3436 495 3525 αὐτῷ
515 3435 769 3523 παραδαθείσηςι
804 3458 826 3500 α
845 3459 895 3500 ναι
915 3432 1082 3516 cumdque
1101 3441 1186 3496 tuto-

127 3541 223 3608 etro.
267 3539 412 3606 Tutores
432 3539 519 3605 enim
534 3542 646 3629 plures
663 3560 733 3616 esse
751 3536 912 3604 solebant.
950 3531 1034 3601 vid.
1051 3532 1091 3598 de
1113 3532 1184 3599 ord.

126 3641 198 3733 jud.
219 3665 252 3730 p.
271 3638 335 3707 445
356 3663 405 3726 sq.

215 3742 298 3830 §.2
319 3734 467 3809 πιστεύων
488 3738 522 3803 δ’
545 3737 700 3826 ἑταιρίαις.
745 3738 798 3808 cf.
814 3739 853 3805 de
872 3737 946 3804 ord.
967 3735 1037 3829 jud.
1059 3759 1093 3826 p.
1109 3735 1185 3802 7⁰9.

214 3843 250 3931 §.
272 3847 306 3911 ³.
328 3840 438 3909 ntae
454 3840 517 3926 χρὴ
537 3841 733 3908 πιστεύεσθαι
752 3880 806 3908 -.
831 3840 923 3909 Haec
943 3863 1003 3904 cur
1023 3862 1091 3904 non
1111 3860 1186 3902 cum

128 3943 285 4013 Bekkero
318 3944 502 4034 putaverim
533 3944 711 4010 omittenda
741 3969 811 4012 cese
843 3943 983 4032 exposui
972 3939 1043 4005 ad
1074 3962 1124 4005 or.
1146 3936 1187 4002 de

130 4045 245 4115 Girou.
267 4048 339 4128 her.
362 4047 400 4132 §.
421 4048 474 4114 28

199 4143 255 4235 §
276 4147 310 4217 4.
332 4148 423 4234 ἐχρῆν
444 4145 537 4213 δὲ’
499 4145 609 4226 αυτὸν,
641 4144 722 4232 είαερ
744 4169 774 4210 τι
794 4145 912 4211 δίκαιον
933 4147 1050 4229 φρσνιῖ.
1070 4175 1114 4189 -
1132 4129 1187 4204 De

127 4249 292 4340 praesenti
312 4250 347 4318 in
368 4249 491 4341 protasi
512 4249 636 4318 dictum
656 4263 705 4316 est
725 4248 766 4314 ed
788 4248 831 4314 1ι.
853 4268 914 4346 pro
934 4240 1069 4333 Euphil.
1093 4240 1131 4328 §.
1152 4241 1185 4307 6.
