2846 4832
324 311 388 383 DE
408 308 663 389 nsutt‘ffltt
683 299 1000 384 HEREDITATE.
1131 311 1197 382 413

118 482 218 572 illud
250 481 349 551 etiarn
369 480 604 550 Demosthenis
632 482 732 549 locus·
754 495 816 548 etr.
839 477 943 570 Spad.
966 505 1001 571 p.
1024 481 1119 572 1032,
1139 484 1194 551 27.

100 665 106 678 ¹
133 586 228 663 1033,
248 583 283 651 5.
305 621 349 634 ··-
368 582 459 650 D'ein
479 582 604 648 refellit
623 581 679 647 bic
700 583 791 652 locus
812 581 910 648 etiam
931 605 1046 656 eoram
1067 583 1205 674 opinio·³

132 709 230 768 nem,
258 685 315 771 qui
331 682 533 768 Heraldnm,
559 698 597 749 ut
622 681 773 766 videtur,
800 683 929 770 sequuti
952 683 1134 751 Animadr.
1159 710 1194 774 p.

134 785 209 869 101,
230 785 364 852 testium
384 783 521 850 nomina
549 783 673 851 nonin
694 783 775 873 ipsis
796 784 981 850 testamenti
1000 783 1121 851 tabulis
1141 785 1197 850 in·

134 885 236 954 scribi
265 881 535 974 (ἐγγράφεσθαι),
563 884 658 952 sed
645 909 682 950 m
710 899 804 970 tergo
824 883 947 974 scripti
964 882 1032 974 jam
1053 900 1085 952 et
1106 885 1196 952 obsi·

133 989 225 1077 gnati
251 985 437 1058 testamenti
463 985 607 1052 adscribi
635 979 890 1084 (ἐπιγράφισθαι)
921 986 1018 1051 solita
1039 1009 1108 1053 esse
1129 1003 1194 1053 sta·
1299 991 1302 1005 ’

132 1097 239 1158 triunt.
281 1073 463 1154 Habemus
471 1087 560 1154 enim
581 1086 637 1153 hic
657 1109 735 1153 sane
752 1100 853 1152 testes
880 1085 912 1149 ἰν
928 1089 978 1170 τῷ
997 1089 1196 1176 γραμματείῳ
1205 1162 1207 1167 ,
1236 1171 1242 1178 N

132 1188 406 1292 ἐγγεγραμμένους,
435 1202 467 1255 et
481 1211 560 1254 usus
582 1203 630 1254 est
643 1187 707 1254 boc
728 1189 801 1253 loco
824 1186 865 1253 ad
887 1185 1078 1274 opinionem
1097 1189 1196 1256 istam

133 1261 350 1359 refellendam
377 1289 476 1355 etiam
503 1288 678 1356 Piatnerus
704 1267 745 1354 de
775 1288 827 1358 lit.
855 1301 887 1354 et
915 1302 978 1354 act.
999 1287 1035 1356 II
1063 1314 1097 1378 p.
1087 1291 1194 1359 318.

133 1391 321 1483 Gonjecerit
341 1404 449 1460 autem
465 1391 607 1457 sortasse
616 1388 753 1476 aliquis,
784 1387 1023 1478 subscriptam
1044 1388 1124 1478 ipsis
1145 1407 1196 1457 ta·
1273 1387 1276 1408 '

101 1497 109 1507 “
132 1494 221 1560 bulis
243 1515 313 1560 esse
335 1492 467 1558 testium
489 1491 624 1558 nomine
644 1505 721 1556 tunc
739 1489 947 1568 dentum,
919 1513 948 1555 s1
969 1491 1043 1576 quis
1065 1515 1119 1558 eos
1141 1516 1196 1583 ces

132 1596 203 1661 lare
224 1593 344 1676 nollet,
378 1592 456 1680 quid
484 1591 642 1682 scriptum
669 1606 769 1673 esset3
808 1607 928 1657 contra¹
942 1591 971 1657 si
997 1591 1036 1656 id
1054 1593 1214 1668 celatum¹

132 1697 259 1776 vellet,
277 1695 480 1760 extrinsecus
501 1707 628 1759 tantum
649 1692 684 1757 in
706 1705 798 1776 tergo
820 1691 955 1760 nomina
977 1692 1120 1759 adscribi
1139 1717 1195 1759 so·

131 1798 204 1863 lita.
229 1791 232 1796 ’
249 1792 314 1862 Sed
335 1819 377 1862 ne
397 1797 479 1861 baec
501 1793 839 1884 quidem2conjectursi
861 1794 959 1860 habet
979 1785 1043 1879 quo
1063 1793 1195 1860 munia·

132 1913 197 1964 tnr.
242 1895 373 1964 Scilicet
391 1918 460 1962 non
480 1895 545 1982 ipsi
566 1910 661 1962 testes
682 1919 740 1962 sna
755 1918 864 1972 'mann
884 1895 1020 1966 nomina
1039 1895 1095 1962 vel
1116 1895 1195 1961 sub·
1252 1885 1256 1908 '

131 1999 318 2066 scribebant
342 1998 400 2064 vel
427 1997 672 2080 adscribebant,
688 1997 760 2063 'sed
789 1997 1016 2063 scribebantur
1037 1997 1118 2061 haec
1138 1997 1214 2079 vel¹

108 2093 112 2096 ’
133 2102 174 2167 ab
196 2100 266 2188 ipso
288 2113 440 2190 testatore
454 2100 510 2165 vel
531 2100 571 2164 ab
594 2099 659 2164 alio
676 2098 731 2178 cpi
750 2099 784 2163 id
804 2099 947 2172 officium
963 2097 1194 2164 demandatum

133 2215 232 2285 esset,
271 2201 364 2265 nullo
396 2199 463 2272 alio
494 2199 653 2278 consilio,
695 2221 793 2285 quam
824 2213 862 2265 ut
892 2199 1014 2266 scirent
1044 2199 1192 2282 heredes,
1283 2249 1288 2263 .
1347 2231 1350 2238 ⁴

132 2325 289 2390 quosnam
307 2312 457 2389 possent,
485 2299 516 2364 si
537 2322 616 2387 opus
638 2315 737 2383 esset,
765 2299 802 2364 in
823 2299 946 2388 jndicio
962 2315 1059 2368 testes
1080 2299 1193 2383 citare,

132 2405 189 2491 qui
216 2405 272 2471 vel
301 2400 473 2468 scribendo
502 2402 558 2467 vel
579 2400 769 2489 deponendo
799 2415 990 2466 testamento
1012 2400 1192 2466 affuissent.

132 2505 170 2592 ld
193 2507 290 2593 plane
311 2502 524 2568 manifestum
544 2501 670 2568 faciunt
686 2500 825 2569 oratoris
847 2500 952 2567 nostri
966 2500 1069 2567 verba
1089 2501 1124 2565 in
1141 2524 1192 2566 or.

14 2621 21 2638 '
132 2607 173 2672 de
193 2605 336 2672 Nicostr.
359 2606 431 2686 her.
453 2605 478 2669 l.
501 2602 546 2669 l.r
575 2607 631 2667 τοῦ
648 2603 682 2668 δὲ
694 2599 916 2686 συμβαινανιός
936 2601 1001 2682 iore
1021 2602 1071 2664 καλ
1092 2624 1194 2687 γραμ-

131 2715 257 2790 ματεῖον
287 2704 456 2788 ἀλλαγῆναι
476 2706 528 2768 καὶ
555 2703 703 2767 τάναντία
723 2713 791 2778 ταῖς
811 2709 867 2770 τοῦ
888 2707 1058 2778 τεθνεῶτας
1078 2698 1194 2784 διαθή-

132 2831 203 2882 καις
222 2812 467 2892 μεταγραφῆναι.
501 2804 670 2889 οὐδὲνγὰρ
689 2805 808 2886 μᾶλλον
837 2805 866 2870 oi
885 2801 1040 2889 λιᾶρινρις
1060 2802 1193 2870 εἴσονται
1216 2873 1218 2878 ¹

132 2910 175 2988 εἴ,
199 2907 255 2995 “’1φ
279 2905 329 2984 αἷς
349 2904 526 2990 ἐκλήθησαν
548 2909 713 2990 διαθῆκαι,
742 2900 833 2970 αὗται
854 2903 1097 2992 ἀποφαίνονται,
1129 2903 1194 2970 Vi·

133 3009 298 3075 delicet
271 3035 299 3076 st
320 3011 384 3100 ipss
375 3008 686 3110 subscripsissent,
715 3033 849 3074 manum
868 3024 954 3073 certe
974 3031 1067 3072 soarn
1088 3029 1193 3094 agno·
1204 3045 1205 3052 ι

133 3134 223 3177 scere
253 3111 494 3178 debebant—
522 3111 563 3176 In
593 3100 801 3197 sequentibus
829 3108 1117 3210 animadvertenda
1144 3123 1193 3175 est
1306 3145 1312 3162 ι

130 3209 305 3300 indicativi
327 3203 376 3276 eb
395 3213 531 3300 optativi
561 3212 652 3277 modi
679 3210 933 3300 compositio—
947 3199 1001 3274 ὅτι
1020 3208 1089 3274 vido
1109 3209 1192 3275 ἐποι-

132 3321 193 3376 εῖτο
215 3350 259 3362 --
291 3309 338 3376 ὅτι
365 3310 518 3396 διαθήκας
545 3315 723 3394 καταλίποι,
761 3312 853 3408 cnjus
880 3311 1009 3396 generis
1040 3303 1191 3398 exempla

132 3427 184 3480 sat
209 3414 313 3478 multo
346 3428 577 3497 congesserunt
604 3415 752 3484 Dorv‘ill.
783 3415 824 3480 ad
854 3411 1028 3480 Chariton.
1054 3436 1094 3500 p.
1116 3412 1191 3477 279.

131 3516 207 3584 Ast.
231 3515 270 3578 ad
292 3513 379 3580 Piat.
401 3513 501 3580 Polit.
524 3529 556 3602 p.
579 3515 653 3582 412.
672 3517 862 3604 ‚Haitingen
894 3514 931 3579 in
951 3515 1041 3581 Actt.
1063 3513 1190 3587 Philol.

131 3616 262 3682 Monac.
285 3613 339 3686 Ill
360 3641 394 3706 p.
417 3615 491 3682 165.
513 3615 635 3683 Ba'ehr.
656 3617 694 3684 in
717 3616 872 3685 (ireuzer.
894 3615 1017 3705 Melett.
1033 3613 1093 3680 ἸΙΙ
1113 3637 1190 3704 pag.
1225 3658 1232 3671 =

130 3715 185 3783 49.
213 3740 409 3805 quamquam
438 3717 578 3783 aliorum
606 3742 650 3785 ex
680 3719 733 3788 his
760 3719 827 3786 alia
854 3734 902 3786 est
921 3717 1019 3784 ratio.
1070 3717 1190 3784 Nostro

130 3817 263 3904 quidem
283 3819 356 3885 loco
377 3819 577 3886 indicativus
598 3819 757 3907 designat,
786 3819 903 3909 quod
891 3845 959 3908 pam
979 3836 1057 3886 tnnc
1076 3844 1191 3912 reapse

93 3911 287 4001 sisciebat,
319 3920 500 4008 optativus,
531 3921 649 4006 quod
638 3946 675 3987 ιιι
695 3927 806 3990 mente
826 3923 978 3988 habebat.

117 4083 120 4092 ,
216 4020 254 4108 ἦ,
277 4023 329 4086 13,
361 4019 473 4106 concep
502 4023 553 4086 και
591 4021 679 4106 ἱερων
708 4026 760 4088 κάι
790 4007 882 4088 δαίων
915 4021 1079 4098 κοινωναιις
1111 4020 1189 4090 ἀνθ

129 4116 230 4186 αὑτοῦ
251 4123 293 4196 εἷς
314 4120 368 4186 τὸν
387 4120 490 4187 ἔπειτα
507 4120 621 4239 χγόναν
642 4123 744 4207 ἔμελλε
762 4131 950 4196 καταλιπεῖν
992 4127 1062 4192 Aut
1077 4124 1188 4207 fallor,

125 4237 187 4338 aut
208 4207 338 4310 scripsit
358 4223 468 4294 leacus
490 4213 629 4314 αἷσπερ
610 4263 654 4282 --
675 4263 717 4280 --
737 4227 943 4295 κοινωνὸν-
945 4223 1112 4294 .Scilicet
1132 4226 1189 4312 qui
1313 4297 1318 4304 ,
