2910 4830
258 349 324 418 aro
484 416 487 434 ,
602 345 664 436 ¹ut
686 341 964 438 euertuntur

984 453 988 465 l

259 519 369 601 heret,
404 513 434 582 si
463 512 679 580 hereditatem
707 525 876 601 paternam
889 533 971 578 'cum
996 510 1067 578 illis
1087 509 1205 600 partiri
1226 533 1320 596 coge·

259 632 362 684 retur.
420 614 517 700 Quod
546 639 652 701 quum¹
674 613 899 699 intelligerent
927 612 1101 678 necessarii
1127 611 1321 702 persuadent

259 717 501 788 Philoctemoni
529 730 567 783 ut
592 715 679 781 sinat
704 715 803 782 illum
822 717 922 782 Alces
948 715 1060 781 filium·
1082 715 1117 779 in
1138 713 1321 804 phratriam

259 818 389 906 induci]
403 841 569 904 unumque
602 816 633 882 ei
669 840 786 903 agrum
815 841 859 884 ex
885 815 1096 882 Euctemonis
1125 811 1321 908 patrimonio

260 920 379 1007 legari.
422 919 472 984 lta
494 942 530 983 re
551 932 714 984 transacta
735 920 846 1005 aliquo
860 929 932 1008 post
952 933 1097 1007 tempore
1119 917 1322 984 Philoctemo

260 1022 298 1090 in
323 1043 433 1111 pugna
462 1019 547 1109 apud
577 1017 700 1086 Chium
726 1036 878 1093 mortem,
899 1021 984 1103 obit3
1028 1019 1184 1086 Euctemo
1215 1032 1323 1084 autem

261 1145 439 1212 quaecum
460 1122 529 1186 filio
550 1121 718 1210 pepigerat
739 1145 851 1210 coram
873 1121 1002 1210 generis
1019 1119 1167 1200 Chaerea
1189 1119 1343 1185 et-Pha·'

261 1237 408 1290 nostrato
434 1222 554 1288 tabulis
583 1222 772 1308 consignata
803 1223 887 1312 apud
922 1225 1066 1290 amicum
1093 1220 1323 1313 Pythodorum

264 1321 456 1414 Cephisinm
465 1322 608 1412 deponit.
631 1322 797 1395 Relictum
807 1341 915 1391 autern
927 1324 1027 1390 etiam
1043 1349 1063 1389 a
1075 1322 1323 1391 Philoctemone

263 1439 334 1494 erat
354 1429 600 1507 testamentum,
623 1449 705 1511 quo,
736 1450 835 1511 quum
856 1421 926 1515 ipse
947 1427 1068 1492 liberos
1090 1448 1157 1494 nou
1177 1425 1323 1508 haberet,

159 1579 163 1586 .
263 1526 391 1616 sororis
409 1548 487 1592 suaa
509 1541 540 1592 et
554 1525 766 1594 Phanostrati
786 1527 893 1593 filium
907 1525 1171 1618 Chaerestratum
1192 1527 1324 1616 adopta·

263 1642 368 1699 verat.
916 1613 926 1630 χ
988 1615 992 1624 ’

347 1728 431 1794 Mox
449 1726 634 1796 Androcles
665 1744 698 1795 et
717 1727 919 1816 Antidorus,
950 1730 1160 1798 Euctemonis
1182 1729 1324 1818 cognati,

265 1856 329 1920 quo
350 1854 461 1897 senem
482 1828 683 1920 decrepitum
710 1845 743 1898 et
770 1848 902 1923 propter
929 1849 1067 1900 aetatem
1088 1831 1188 1898 etiam
1215 1848 1326 1922 mente

265 1929 542 2018 minuslralidum
560 1931 763 2021 despolient,
790 1935 978 2002 societatem
997 1960 1072 2001 cum
1089 1935 1173 2001 Alce
1194 1931 1325 2014 ineuut;¹

198 2115 205 2130 Ι
230 2067 231 2082 r
265 2031 460 2126 persuadent
480 2029 691 2114 Euctemoni,
720 2051 756 2101 ut
776 2037 904 2103 tabulas
925 2035 1019 2121 illas,¹
1050 2061 1128 2123 quas
1150 2033 1234 2124 apud
1259 2030 1326 2126 Py·

265 2134 442 2201 thodornm
456 2130 669 2222 deposuerat,
697 2139 810 2223 tollat,
838 2138 915 2238 dein
929 2139 1048 2204 fundos
1064 2162 1140 2205 suos
1155 2136 1326 2216 divendat3

267 2236 385 2326 quippe
416 2257 567 2300 nummos
594 2236 724 2302 facilius
747 2263 844 2325 quam
871 2241 990 2307 fundos
1019 2240 1176 2325 legitimis
1197 2238 1328 2304 heredi-

266 2339 329 2404 hus
348 2333 497 2403 subtrahi
517 2358 630 2432 posse:
663 2361 794 2406 omnem
816 2366 888 2408 rem
907 2343 1105 2408 familiarem
1118 2327 1335 2422 Eucte'monis'

266 2439 332 2529 ipsi
355 2439 409 2504 'ita
431 2435 677 2526 administrant,
708 2456 744 2506 ut
766 2465 809 2508 ex
829 2441 1011 2532 lautissimo
1032 2441 1231 2532 patrimonio
1253 2466 1328 2531 per·

267 2565 369 2633 pauca
389 2554 516 2634 tantum
537 2539 664 2628 reliqua
683 2544 778 2626 fiant;
819 2544 958 2631 denique
980 2570 1016 2611 eo
1040 2545 1193 2612 audaciae
1213 2567 1329 2634 proce7
1416 2548 1417 2561 ¹

270 2644 368 2726 dunt,
395 2654 431 2705 ut
446 2639 530 2706 ‘vivo
552 2643 650 2710 etiam
671 2668 747 2710 sene
770 2647 958 2712 archontem
980 2649 1115 2732 adeant,
1143 2647 1230 2713 filios
1252 2645 1328 2710 illos

174 2793 177 2801 -
267 2743 367 2811 Alces
399 2739 646 2828 ab'Ergamene
673 2761 705 2812 et
727 2745 997 2832 Philoctemone,
1029 2748 1188 2816 defunctis
1210 2743 1329 2812 Eucte-

268 2845 375 2942 m'onis
396 2843 492 2926 filiis,
524 2846 693 2935 adoptatos
714 2872 810 2935 seque
832 2848 874 2930 iis
896 2865 1016 2916 tutores
1038 2849 1169 2933 relictos
1192 2873 1263 2916 esse
1285 2847 1329 2914 si-

161 2943 163 2949 ’
270 2938 396 3024 mulcet
419 2953 566 3034 bonaque
583 2972 704 3020 ¹eorum
725 2949 846 3015 elocari
869 2953 1043 3040 postulent.
1085 2949 1198 3039 Neque
1220 2966 1329 3016 tamen

268 3057 333 3122 hoc
355 3053 517 3131 efficiunt,
541 3041 647 3135 ⁴quum
669 3051 791 3116 archon
814 3066 844 3116 et
856 3051 989 3144 judices
1011 3047 1051 3118 ab
1074 3053 1188 3118 amicis
1211 3052 1329 3118 defun·

270 3172 397 3246 ctorem
418 3154 590 3222 veritatem
612 3150 716 3216 edocti
743 3150 879 3219 illorum
899 3157 1059 3242 postulata
1079 3153 1254 3242 rejiciant.'

254 3241 265 3264 ⁴
354 3256 507 3323 Tandem
535 3251 691 3344 Euctemo
719 3255 860 3348 moritur
890 3271 1113 3348 annosqnatus
1134 3247 1195 3321 sex
1216 3272 1246 3320 et
1268 3279 1329 3320 no-

230 3359 236 3432 ,’
271 3358 417 3446 naginta.
469 3351 694 3436 Hereditatem
715 3355 783 3448 ejus
805 3359 886 3444 petit
908 3355 1175 3441 Chaerestratus,
1211 3356 1329 3428 Eucte÷

269 3459 379 3528 monis
407 3481 451 3523 ex
480 3457 582 3523 altera
613 3455 681 3521 filia
713 3471 744 3523 et
766 3457 982 3526 Phanostrato
1003 3483 1121 3548 nepos,
1154 3458 1211 3544 qui
1231 3481 1266 3540 se
1289 3460 1331 3522 ab

272 3551 435 3628 avunculo
459 3556 708 3625 Philoctemone
731 3559 918 3649 adoptatum
939 3561 1018 3627 dicit
1039 3562 1194 3647 ideoque,
1227 3584 1327 3646 quum

177 3677 181 3698 ‘
204 3651 206 3654 ⁵
272 3649 381 3728 nullos
395 3655 559 3747 legitimos
579 3661 667 3727 filios
682 3661 840 3728 Euctemo
855 3653 1056 3750 reliquisset,
1079 3687 1182 3749 neque
1197 3677 1329 3750 nepotes

273 3775 381 3829 essent
402 3785 446 3826 ex
464 3759 648 3848 Ergamene
676 3778 707 3828 et
728 3763 934 3849 Hegemone,
971 3780 1071 3830 totam
1100 3763 1328 3841 hereditatem,

273 3885 373 3950 quae,
404 3863 434 3930 ai
454 3862 658 3931 Philoctemo
684 3865 831 3949 viveret,
866 3867 906 3932 ad
934 3867 1023 3932 hunc
1043 3881 1181 3932 ventura
1202 3851 1329 3945 fuisset,

182 4011 184 4016 ι
273 3987 360 4033 nunc
380 3964 462 4046 sibi,
488 3966 559 4031 filio
581 3966 650 4055 ejus
672 3965 844 4056 adoptivo,
879 3965 1058 4056 adjudicari
1080 3967 1233 4055 postulat.
1275 3964 1331 4031 Ex

273 4067 377 4135 altera
396 4082 508 4134 autom
528 4081 620 4157 parte
637 4065 821 4134 Androcles
841 4069 987 4159 procedit
1009 4067 1245 4135 etAntidorus.
1287 4065 1330 4132 Et

273 4167 457 4240 Androcles
486 4169 617 4256 quidem
639 4157 718 4236 duas
740 4194 802 4237 ‚res
825 4171 893 4258 agit
920 4140 1017 4260 plahe
1037 4168 1124 4252 inter
1139 4183 1329 4250 secontra·

274 4268 358 4353 rias;
397 4272 541 4360 primum
574 4270 662 4338 enim
700 4274 836 4346 alteram
869 4297 911 4338 ex
940 4270 1165 4338 ΕιιόίωιιοιιίειΙ
1188 4272 1327 4351 filiabus,
