2942 4842
218 354 283 422 ιιι
517 391 519 400 J
569 347 620 418 m
633 344 922 445 ⁸coactorum

79 516 86 525 ‘
219 517 430 589 scribendum
460 493 577 584 cesiseo
606 538 668 605 pro
688 511 853 603 πατρῴων.
897 511 1140 605 Saepenumero
1161 517 1284 584 laneca

73 625 78 635 '
217 620 365 690 librariis
375 632 620 710 permutantem
648 641 752 706 neque
766 632 876 683 tamen
892 632 1063 708 propterea
1084 617 1195 684 minu's
1211 641 1285 683 cer·

217 739 288 790 tum
310 735 361 789 est
387 718 678 809 grammaticorum
699 731 926 814 praeceptum,
944 723 1087 806 ‚acapna
1109 741 1179 785 esse
1200 741 1284 804 quae

217 825 306 891 intra
327 822 475 911 gentium
496 836 552 886 ant
571 817 776 887 familiarum
792 821 873 889 lines
890 820 1137 903 contineantur,
1169 844 1187 885 a
1209 843 1324 884 ms··.

217 925 345 1016 jorilins
376 923 417 990 acl
445 935 577 1010 nepotes
598 934 798 1010 propagata3
825 920 957 1009 publica
981 935 1089 986 autem
1110 921 1211 987 totius
1232 919 1282 985 ci·

216 1025 328 1096 vitatis
355 1023 503 1090 instituta
529 1022 607 1088 intle
634 1044 653 1088 s
679 1036 810 1110 patrum
831 1022 1031 1110 temporibus
1062 1037 1192 1088 servata
1212 1045 1281 1087 non

218 1111 358 1214 πατρῷα
372 1149 461 1209 esse,
483 1124 537 1192 sed
560 1120 686 1208 πάτρια.
728 1117 875 1189 Fuerunt
896 1139 1005 1189 tamen
1027 1123 1084 1210 qui
1105 1123 1165 1189 tali
1186 1122 1222 1188 in
1243 1135 1282 1189 r'e
1342 1142 1345 1155 ·

216 1228 377 1318 judicium
397 1250 494 1292 sunm
515 1224 697 1292 scribarum
719 1223 826 1312 potius
848 1224 1019 1290 oscitantia
1042 1248 1140 1311 qaam
1160 1224 1282 1289 unani·

216 1329 265 1398 mi
292 1327 583 1417 grammaticorum
611 1345 772 1392 consensu
801 1325 874 1411 regi
900 1327 1055 1408 mallent,
1092 1325 1196 1393 veluti
1223 1319 1282 1411 qui

133 1496 136 1510 ,
216 1454 322 1520 nuper
352 1427 436 1519 apud
459 1428 653 1519 Lycurgum
683 1452 717 1515 p.
741 1427 804 1494 155
826 1426 910 1516 (cap.
933 1427 981 1513 8.)
1004 1423 1042 1491 τὰ
1065 1425 1131 1512 ἱερὰ
1153 1425 1193 1489 τὰ
1214 1452 1279 1489 ιτα-

215 1537 303 1619 τρῷα
327 1555 388 1618 pro
405 1525 578 1613 ’πάτρια
603 1528 708 1614 posito
735 1551 799 1592 esse
821 1527 1022 1611 autumavit,
1053 1528 1209 1614 quonism
1230 1528 1279 1594 ib.

215 1634 335 1725 ιι.17β
363 1634 446 1720 (cap.
471 1629 539 1716 14.)
569 1629 785 1697 librariorum
814 1629 986 1694 errorent
1014 1628 1094 1714 ἱερὰ
1101 1627 1140 1694 τὰ
1163 1625 1280 1712 ια’τρια

214 1734 376 1822 scriptum
397 1755 467 1799 esse
488 1731 633 1814 videret,
655 1744 711 1795 aut
724 1754 779 1816 qur
770 1729 886 1819 apud
904 1729 1077 1797 Demosth.
1102 1731 1142 1796 de
1163 1754 1277 1797 coron.

215 1861 249 1932 p.
271 1833 347 1918 274,
374 1836 417 1899 27
444 1837 590 1919 ιίατρῷοι
609 1831 802 1920 Apollinem
834 1855 894 1919 pro
919 1833 1041 1950 norplrp
1061 1831 1186 1898 dictum
1209 1855 1279 1898 esse

216 1934 404 2015 contendit3
435 1956 514 1999 nam
545 1931 609 1998 hoc
635 1955 762 2020 qnoque
791 1933 914 1998 sactum
936 1933 1073 2000 memini
1095 1957 1113 1998 a
1135 1933 1278 2020 quodam

215 2034 382 2104 Dinarchi
412 2033 554 2118 editore,
587 2033 643 2121 qni
674 2034 777 2104 simili
803 2034 988 2100 scribarum
1014 2059 1126 2101 errore
1147 2031 1277 2119 πάτριοι

123 2221 126 2228 y
159 2166 163 2174 ¹
216 2137 414 2228 Apollinem
435 2135 616 2204 invenisset
645 2135 681 2202 in
708 2134 792 2202 Lex.
826 2136 948 2202 rhetor.
977 2160 1010 2225 p.
1032 2137 1108 2221 292,
1138 2139 1160 2201 3
1189 2150 1222 2200 et
1241 2137 1276 2203 5.

128 2311 130 2318 ι
216 2263 278 2330 pro
299 2233 445 2324 πατρῴῳ.
488 2235 574 2302 Nam
595 2241 739 2324 πατρῷος
755 2238 878 2325 Apollo
900 2260 1027 2326 semper
1048 2237 1205 2304 dicendos
1227 2249 1276 2303 est

215 2341 269 2425 is,
298 2338 355 2427 qui
382 2344 450 2404 non
470 2337 600 2427 publice
622 2340 663 2403 ab
683 2337 837 2406 universa
858 2337 1010 2423 civitate,
1041 2340 1097 2405 sed
1120 2363 1143 2404 a
1161 2339 1278 2425 singn-

215 2443 259 2510 lis
295 2439 448 2526 gentibus
482 2462 516 2505 r.
551 2438 689 2506 familiis
721 2438 858 2527 privatis
896 2439 1105 2528 caerimoniis
1138 2440 1277 2525 colitur,

216 2541 367 2632 quamvis
395 2540 436 2607 ad
467 2562 579 2606 omnes
606 2539 694 2608 cives
723 2542 804 2607 haec
835 2540 952 2628 religio
979 2541 1160 2630 pertineat,
1188 2541 1277 2608 uncle
1311 2583 1313 2594 ι

216 2650 362 2732 πατρῷος
381 2657 431 2708 est
450 2647 489 2730 τῇ
511 2639 603 2707 πόλει.
647 2639 771 2709 Gontra
785 2639 872 2709 recte
891 2639 1011 2728 πάτριοι
1032 2645 1100 2708 θεαὶ
1121 2643 1276 2709 (licuntur

217 2770 270 2836 ap.
298 2744 459 2820 Herodot.
485 2742 523 2828 l,
552 2745 633 2828 172,
663 2744 720 2831 qui
748 2744 878 2831 publice
906 2743 1082 2830 antiquitus
1110 2745 1274 2826 coluntur,

217 2871 356 2935 quorum
370 2845 587 2912 caerimoniae
605 2860 811 2934 opponuntur
826 2843 903 2927 ἱροῖς
924 2847 1067 2920 ξιιικοΐςι
1092 2862 1178 2912 recte
1193 2845 1274 2912 item

217 2950 303 3038 apud
330 2947 487 3042 Thucyd.
516 2945 569 3029 ll,
598 2947 640 3012 16
667 2944 733 3030 ἱερὰ
761 2939 891 3032 πάτρια,
928 2944 948 3009 ἃ
975 2939 1013 3029 ἦν
1041 2944 1146 3023 αὐτοῖς
1166 2947 1199 3010 ἐκ
1219 2953 1274 3031 τῆς

217 3047 298 3114 κατὰ
327 3047 363 3114 τὸ
395 3046 523 3130 ἀρχαῖοι
550 3047 711 3122 πολιτείας.
755 3044 819 3113 Seri
843 3047 922 3113 haec
945 3047 1060 3114 obiter.
1083 3084 1133 3130 —-„
1152 3048 1199 3114 Tei
1221 3076 1296 3125 νο-Ι

217 3143 362 3234 μιζόμιια
389 3146 491 3234 igitur
511 3164 639 3236 praeter
660 3171 715 3232 ea,
748 3171 830 3233 quae
858 3147 898 3212 etl
921 3149 1117 3232 lavandum,
1150 3174 1271 3216 ornan·
1391 3223 1394 3231 ,

217 3253 314 3335 dnm,
335 3251 435 3315 'lecto
468 3246 720 3336 imponendum,
757 3248 793 3314 in
828 3248 990 3316 vestibulo
1024 3251 1273 3338 proponendum

216 3367 382 3418 mortuum
409 3349 589 3440 pertinent,
624 3350 663 3416 de
689 3351 807 3437 quibus
836 3351 933 3416 rebus
960 3351 1038 3417 satis
1066 3368 1116 3419 est
1136 3352 1273 3418 laudare

215 3451 484 3520 Kirclrmannurn
506 3450 749 3548 etllleursinm,
772 3468 847 3518 sunt
866 3450 1008 3538 primum
1028 3451 1068 3517 τὰ
1088 3453 1197 3540 τρίτα,
1216 3455 1272 3520 in-

176 3589 181 3602 ·
215 3552 318 3619 leriae
349 3551 445 3618 tertio
471 3565 545 3643 post
572 3555 771 3641 sepnltnram
801 3554 854 3619 die
882 3554 1021 3628 oblatae.
1069 3555 1122 3621 De
1150 3555 1202 3622 his
1228 3557 1271 3623 cs.

215 3653 297 3720 inlr.
320 3653 354 3719 la.
379 3675 428 3719 or.
451 3653 487 3741 ᾖ.
508 3655 567 3719 37:
607 3652 717 3736 illapsi
738 3653 770 3719 τ’
793 3653 851 3738 lyci
872 3653 966 3720 αὐτὸν
986 3657 1038 3722 rol
1057 3655 1098 3722 τὰ
1117 3657 1207 3743 τρίτα
1229 3691 1271 3707 ·-

216 3753 356 3838 ἐποίησα.
396 3755 569 3843 Aristoph.
592 3757 734 3848 Lysistr.
756 3780 791 3824 v.
814 3756 893 3823 614ι
1269 3779 1273 3788 ·

340 3909 408 3992 μῶν
428 3906 597 3994 ἓγκαλεΐς“
581 3933 629 3975 οτι
650 3909 716 3990 οὐχι
707 3906 960 3995 nocentum-‘iol
981 3931 1038 3990 αις
1128 3939 1131 3944 ·

224 4089 227 4099 Ι
339 4007 407 4074 citt·
429 4009 460 4110 lc
480 4011 592 4136 ιρίτηι
606 4015 679 4095 γοῦν
698 4006 817 4136 ἡμέραν
838 4032 886 4076 σαι
907 4007 996 4113 ιιρῴ
996 4007 1077 4076 πάνυ

340 4110 404 4196 ἥξει
423 4109 500 4197 παρ’
522 4109 611 4195 ημῶν
631 4109 670 4178 cti
691 4113 760 4200 τρίτ
762 4100 1047 4200 ἐπεσκευασμένα.

214 4197 382 4314 liimirnm
407 4243 553 4332 loquitur
576 4245 761 4352 Lysistrats
787 4246 880 4336 quasi
909 4271 998 4317 nunc
1031 4248 1141 4339 ipsum
1167 4273 1272 4318 mnex
