2910 4830
209 397 212 404 “
300 411 364 480 llll
385 409 695 526 DlGAEOGENIS
716 411 1034 490 HEREDITATE.
1133 425 1199 494 289

137 573 270 671 quidem
285 581 468 684 verisimile
484 585 533 669 fit,
564 581 678 650 temet
697 600 752 652 aut
767 587 806 654 iu
825 593 882 654 τοῦ
901 591 1095 660 mitandum
1115 584 1197 680 esse,

134 701 173 752 ut
194 709 315 754 nomeu
343 685 639 754 fratris'exeidisse
660 701 836 771 statuatur,
872 706 929 757 aut
949 679 1105 760 etiam'iu
1125 695 1198 762 τού-

134 810 204 872 του,
234 801 277 870 ut
290 787 479 875 designetur
490 785 746 878 Cephisodotus,
768 790 825 876 qui
838 791 942 859 actori
960 809 1065 861 astare
1079 784 1198 885 putan·
1233 797 1234 800 ’

136 889 198 956 dus
212 906 271 958 eut.
314 891 358 958 ss.
381 891 418 978 5.
428 895 460 959 2.
479 887 696 976 Κηφισόδοτος
717 889 834 959 strant.
858 893 953 980 512.
976 896 1198 982 Iquttoodisoo
1223 888 1225 892 ⁵

135 991 259 1060 τούτου.
281 991 318 1080 51.
332 993 384 1062 11.
399 995 519 1058 παίδων
529 991 627 1058 ὅντων
644 990 774 1059 τούτων.
789 992 926 1062 Sorores
938 997 1027 1064 euim
1039 1023 1106 1066 uua
1122 1025 1197 1068 eum
1233 1031 1236 1039 ·
1283 1007 1286 1014 “

134 1087 302 1164 fratribus*
315 1095 506 1162 hereditatis
527 1094 683 1162 auunculi
697 1095 871 1186 participes
890 1097 1013 1183 luisse,-
1032 1115 1064 1167 et
1083 1126 1144 1190 per
1164 1125 1199 1171 se

135 1185 247 1289 ipsum
267 1211 520 1286 cousentaneum
543 1210 607 1276 est,
634 1210 668 1262 et
687 1213 820 1286 apparet
841 1221 885 1263 ex
906 1222 967 1279 eo,
989 1201 1075 1287 quod
1096 1202 1133 1289 5.
1156 1205 1199 1271 12

135 1299 344 1382 Menexeno',
373 1295 649 1387 Geplrimphoutis
669 1298 761 1381 filio,
790 1297 827 1386 5.
851 1301 872 1366 9
892 1315 1001 1368 autem
1021 1301 1199 1371 Menexeni

136 1400 350 1469 sororisuem
371 1400 650 1489 utrique-partem
671 1398 773 1466 tribui
793 1401 956 1468 videmus.
1000 1402 1090 1469 Illud
1112 1423 1199 1474 certe

134 1502 348 1570 manifestum
376 1515 442 1585 est,
476 1500 651 1568 mulierem
676 1500 792 1582 illam,
823 1501 915 1593 eujus
942 1503 980 1590 5.
1001 1506 1046 1571 26
1075 1508 1199 1574 mentio
1309 1555 1315 1564 ‚
1435 1507 1436 1524 ¹

134 1599 191 1689 fit,
227 1629 295 1671 nou
324 1602 467 1693 potuisse
497 1602 564 1669 nisi
592 1617 649 1669 aut
676 1601 780 1692 ipsius
806 1602 1026 1694 Dicaeogenis
1063 1609 1200 1675 secundi

135 1729 284 1776 sororem
303 1702 421 1790 fuisse,
452 1717 510 1773 eut
529 1703 653 1772 sororis
672 1703 790 1772 filiam.
832 1705 995 1793 Alioquin
1015 1709 1103 1776 euim
1123 1712 1200 1776 nul-

134 1810 209 1876 lum
233 1807 276 1874 iu
303 1805 515 1899 hujus-boue
540 1805 592 1896 jus
624 1805 745 1872 habere
772 1807 889 1896 putuit.
947 1807 1075 1895 Quodsi
1105 1834 1207 1878 soror.

134 1909 256 1994 luerit,
287 1908 390 2001 possit
409 1909 547 1976 fortasse
567 1905 737 1974 Democlis
757 1908 859 1976 vidua
879 1909 1008 1990 videri,
1040 1917 1139 1999 quiam
1160 1913 1198 2000 5.
1253 1963 1265 1990 ¹.

135 2015 159 2081 9
180 2027 292 2079 orator
317 2010 466 2098 designat
491 2008 547 2094 τὴν
568 2009 768 2092 Δημοκλέους
788 2010 950 2095 γενομένην
970 2021 1116 2096 γυναῖκα,
1148 2029 1200 2080 st-

135 2136 201 2201 que
220 2111 392 2180 existimet>
408 2111 526 2199 aliquis
546 2110 585 2200 5.
601 2112 644 2177 26
664 2110 824 2200 seriptum
844 2115 885 2180 ab
906 2110 1000 2180 Isaeo
1020 2115 1123 2184 fuisse
1142 2116 1201 2201 τὴν

134 2213 371 2300 Δικαιογένονς,
407 2239 428 2281 a
446 2213 595 2280 librariis
621 2228 749 2293 autem,
787 2214 844 2303 qui
869 2239 938 2283 non
964 2216 1200 2305 intelligerent,

135 2316 317 2384 seeundum
325 2315 568 2402 Dicaeogeuem
590 2314 774 2402 designari,
796 2315 852 2381 sed
875 2317 1014 2384 eundem
1033 2332 1200 2412 putarent,

135 2418 196 2506 qui
209 2419 314 2505 modo¹
328 2417 516 2484 nominatus
533 2432 619 2501 erat,
642 2416 883 2505 Dicaeogeuem
900 2418 1051 2503 tertium,
1078 2445 1201 2489 nomen

9 2583 46 2616 ,e
134 2520 308 2612 proprium
329 2533 490 2594 mutatum
512 2543 581 2585 esse
602 2518 638 2584 in
658 2536 842 2608 pronomen
861 2519 1071 2588 reflexivum.
1113 2516 1207 2589 Mili'
1339 2557 1343 2568 ,

87 2627 91 2636 ’
134 2637 249 2698 tamen
268 2623 333 2688 hoe
362 2645 428 2689 nou
451 2621 628 2688 admodum
654 2621 825 2708 probabile
845 2620 998 2704 videtur,
1028 2645 1134 2709 neque
1153 2624 1202 2691 ita
1254 2669 1258 2688 .

135 2722 226 2790 nude
262 2722 481 2811 Dicaeogeuis
519 2741 666 2808 sororem
701 2721 869 2812 designari
906 2722 1049 2813 potuisse
1089 2721 1200 2810 eredo,

137 2848 239 2914 quum
266 2847 334 2892 nou
355 2826 438 2891 haee
457 2846 524 2891 una
545 2838 647 2907 esset,
680 2824 735 2890 sed
758 2839 823 2891 tres
845 2838 1013 2913 praeterea
1033 2823 1125 2892 illius
1146 2849 1201 2893 so·

135 2951 248 3008 rores,
277 2927 450 3014 exquibus
464 2941 624 3013 quaenam
644 2940 728 2992 esset
748 2925 827 3010 illa,
856 2927 896 2991 de
918 2949 981 3012 qua
1001 2926 1201 3014 loqueretur,

135 3029 251 3120 paullo
272 3027 426 3096 disertius
455 3029 543 3095 haud
566 3027 665 3093 dubie
685 3026 940 3114 significandum
958 3027 1087 3096 fuisset.
1131 3028 1202 3097 Te·

135 3130 290 3198 nebimus
319 3128 423 3217 igitui-
451 3128 575 3202 sotoris
595 3128 701 3216 filiam
721 3129 816 3195 illam
836 3126 955 3212 fuisse,
985 3128 1057 3197 sive
1079 3127 1202 3220 (tephi-

135 3230 289 3300 sodotum
309 3230 381 3298 sive
401 3230 505 3296 alium
526 3230 712 3319 quempiam
733 3231 870 3297 fratrem
890 3228 1060 3314 habueritg
1087 3255 1202 3318 quam-

135 3356 237 3421 quam
248 3329 504 3422 Cephisodotum
526 3333 677 3419 equidem
697 3332 892 3416 maluerim,
915 3355 1037 3418 quum,
1056 3347 1095 3398 ut
1115 3332 1201 3418 dixi,

136 3433 242 3501 ceteri
270 3456 423 3502 sororum
452 3433 549 3499 liberi
582 3456 651 3500 uon
683 3433 859 3500 videantur
894 3434 955 3500 sub
981 3431 1211 3520 Dicaeogenis'

136 3533 230 3602 tertii
249 3536 349 3602 tutela
377 3535 490 3602 luisse.
533 3534 624 3602 Haec
644 3535 754 3624 itaque
775 3536 915 3615 mulier,
945 3559 1046 3621 quum
1065 3537 1202 3603 fratrem
1227 3583 1231 3590 ι

24 3667 26 3696 ε
135 3637 293 3722 liaberet,
321 3651 430 3703 tamen
446 3649 574 3726 partem
594 3637 785 3704 hereditatis
797 3636 920 3726 accepit
938 3660 1004 3702 nou
1025 3636 1201 3722 minorem,

135 3761 237 3827 quam
266 3738 387 3805 actoris
414 3753 530 3805 mater.
573 3738 678 3827 Atqui
704 3738 791 3806 siin
812 3738 930 3828 stirpes
951 3737 1128 3808 dividenda
1149 3741 1201 3804 su-

27 3869 30 3910 t
134 3840 218 3908 isset
239 3839 422 3924 hereditas,
454 3839 527 3906 fieri
556 3843 649 3909 nullo
671 3841 769 3908 modo
796 3840 920 3929 potuit,
953 3856 989 3905 ut
1009 3841 1202 3906 tantundem

134 3941 316 4032 acciperet,
347 3953 505 4029 quantum
526 3963 622 4008 soror
642 3941 798 4010 defuncti.
842 3940 955 4026 ltaque
976 3941 1012 4005 in
1031 3940 1137 4030 capita
1151 3940 1203 4007 di-

134 4043 246 4116 visam
272 4057 360 4111 esse'
376 4058 515 4134 oportet.
564 4042 630 4111 Sed
659 4065 704 4110 au
731 4042 830 4110 etiam
860 4041 1041 4131 superstitis
1077 4041 1221 4108 sororis·

132 4145 238 4223 liberi
267 4167 333 4212 uua
361 4167 437 4214 oum
466 4159 571 4212 matre
603 4145 640 4212 in
674 4159 802 4235 partem
828 4143 1019 4212 hereditatis
1046 4141 1202 4211 avunculi

133 4246 313 4333 venerint,
341 4245 376 4314 id
398 4245 484 4335 quod
498 4246 683 4315 Bnuseuius
695 4245 825 4331 statuit,
852 4261 940 4313 certo
956 4243 1115 4314 affirmari
1135 4266 1203 4310 uon

961 4346 1004 4411 to
1124 4391 1127 4398 ,
