2846 4832
436 1281 481 1334 stt
509 1277 789 1382 ORATIONRhi
818 1279 895 1338 Vnt

175 1401 1154 1526 uuoruoutsuuunnrrnru

534 1689 794 1758 PRMEhssUMs

119 1811 235 1926 ¹Ciro,
265 1834 307 1902 de
333 1833 426 1925 eujus
452 1833 635 1902 hereditate
661 1829 822 1924 certatur,
849 1835 945 1906 binas
966 1833 1096 1925 nuptias
1117 1858 1196 1902 con·

131 1949 300 2022 traxerat,
324 1937 443 2030 alteras
473 1962 550 2004 oum
570 1936 768 2005 consobrina
788 1959 865 2022 sua,
897 1950 1093 2004 materterae
1114 1936 1195 2022 filia,

112 2041 176 2101 'ex
196 2059 268 2126 qua,
286 2047 389 2106 unani
414 2038 527 2126 genuit
551 2037 675 2129 hlium,
703 2039 822 2104 alteras
844 2053 922 2127 post.
936 2036 1058 2128 prioris
1079 2039 1212 2110 uxoris,
1317 2051 1321 2066 “

130 2147 272 2224 mortem
300 2163 376 2206 oum
403 2137 543 2207 Dioclis·
564 2138 742 2231 Phlyensis
774 2163 906 2225 sorore,
943 2163 1002 2206 ex.
1017 2164 1081 2226 qua
1108 2141 1195 2210 filios

130 2239 263 2304 sustulit
293 2239 399 2328 dnos..
437 2238 502 2310 Sed
529 2240 568 2306 hi
597 2255 672 2308 anta
703 2240 848 2307 adultam
871 2256 1009 2307 aetatem
1031 2241 1194 2328 obierunt,

128 2339 199 2405 filia
220 2355 331 2408 autem
351 2341 463 2432 priore
484 2339 695 2408 matrimonio
717 2341 828 2426 genita
848 2356 1021 2431 postquam
1042 2342 1195 2410 adoleve·
1208 2377 1217 2418 ,·
1257 2329 1259 2350 ’

17 2513 24 2518 ,
130 2456 182 2506 rut
197 2443 355 2508 collocata
374 2458 422 2512 est
433 2440 627 2510 Nausimeni
640 2438 880 2532 Cholargensi,
907 2465 992 2510 mox,
1002 2458 1075 2532 post
1087 2429 1194 2531 hujus

129 2556 288 2634 mortem,
318 2566 420 2630 quum
441 2543 550 2610 nullos
571 2542 651 2608 dum
671 2541 801 2615 liberos,
816 2542 1013 2631 peperisset,
1042 2542 1101 2608 alii
1123 2543 1194 2610 eui·

130 2646 207 2712 da'm
229 2643 296 2711 civi
316 2643 447 2730 Attico,
485 2667 528 2709 ex
550 2668 613 2731 quo
640 2658 805 2735 natusest
825 2645 937 2728 filius,
969 2641 1026 2730 qui
1046 2643 1133 2710 hane
1154 2645 1210 2710 de.

129 2745 186 2812 avi
213 2745 353 2812 materni
381 2745 561 2822 hereditate
593 2769 726 2814 oausam
747 2745 827 2836 agit.
869 2745 1002 2814 Mortuo
1024 2745 1114 2811 enim
1135 2743 1215 2812 Gi·¹

128 2872 210 2913 rone
233 2871 333 2934 quum
363 2847 450 2914 bona
478 2843 547 2938 ejus
573 2845 652 2938 jure,
668 2861 699 2912 et
726 2848 855 2934 legibus
877 2845 918 2916 ad
939 2846 1106 2941 neminem
1128 2846 1195 2915 nisi

129 2949 170 3016 ad
192 2963 363 3038 nepotem,
390 2948 447 3036 qui
461 2972 613 3040 unusex
627 2947 696 3039 ejus
719 2948 878 3038 sanguine
900 2962 991 3014 ortus
1010 2963 1192 3037 supererat,

54 3081 58 3088 ·
128 3033 349 3139 pertinerent,
382 3043 493 3118 tamen
519 3074 538 3122 e
561 3050 696 3136 Diocle,
728 3050 788 3118 illo
811 3049 990 3140 Phlyensi,
1021 3049 1193 3140 enjusille

128 3173 276 3218 sororem
296 3151 332 3216 in
349 3153 561 3242 matrimonio
572 3139 751 3235 habuerat,
778 3152 973 3218 subornatus
991 3165 1039 3218 est
1059 3150 1193 3238 quidam
1282 3137 1284 3146 ¹

128 3250 242 3344 fratris
255 3249 386 3324 Cironis
407 3255 514 3338 filius,
541 3253 597 3341 qui
618 3241 834 3327 hereditatem
854 3250 918 3318 sihi
931 3247 1113 3342 adjudicari
1132 3275 1193 3346 pos

128 3355 280 3424 stularet=
314 3378 383 3420 esse
410 3354 498 3422 enim
519 3355 621 3424 'illum
643 3356 800 3438 alterum,
829 3354 885 3441 qui
906 3368 1058 3452 nepotem
1078 3377 1113 3420 se
1134 3354 1192 3420 de·

128 3455 235 3546 structi
257 3454 395 3540 diceret,
423 3481 490 3523 non
511 3459 609 3524 modo
632 3454 800 3524 e·0ironis
821 3455 910 3540 filia,
938 3455 995 3522 sed
1017 3479 1058 3522 ne
1080 3478 1097 3522 e
1119 3455 1192 3524 eive

128 3557 260 3644 quidem
289 3557 400 3630 Attice
430 3574 566 3644 natum3
603 3573 634 3625 et
660 3558 691 3627 si
721 3556 868 3626 maxime
891 3555 1023 3626 (hirenis
1051 3581 1094 3624 ex
1123 3556 1192 3624 tilia

128 3681 230 3747 nepos
251 3674 355 3744 esset,
391 3684 449 3755 per
466 3661 565 3747 ¹leges
586 3675 696 3730 tamen
717 3683 801 3747 quae
821 3659 859 3726 in
879 3657 1115 3739 hereditatibus
1136 3683 1192 3725 os·

127 3758 256 3856 piendis
276 3759 411 3844 virilem
432 3761 663 3848 cognationem
682 3762 840 3840 muliebri
865 3763 1027 3852 potiorem
1049 3784 1118 3828 esse
1138 3759 1204 3852 ju·

120 3855 262 3946 herent,
292 3860 361 3942 sihi
377 3864 505 3955 potius,
539 3865 660 3956 quippe
680 3865 794 3935 iratris
814 3865 904 3947 filio,
930 3887 1029 3953 quam
1049 3859 1121 3949 illi,
1148 3885 1193 3930 ex
1249 3913 1251 3928 .
1292 3925 1296 3938 ,

127 3961 351 4052 filianepoti,
381 3965 597 4056 hereditatem
615 3965 746 4035 Gitonis
763 3965 886 4036 deberi.
907 4001 951 4016 ·-
971 3964 1061 4033 Huic
1080 3978 1193 4031 noster
1264 3967 1272 3984 ‘

19 4057 27 4064 ⁸
129 4063 177 4130 ita
197 4063 388 4156 respondet,
421 4082 459 4162 ut
479 4068 626 4157 primunt
652 4084 791 4156 matrem
819 4091 912 4137 susm
934 4065 1067 4138 Cironis
1087 4065 1192 4132 filiam

103 4166 230 4234 'fnisse
257 4168 477 4256 demonstret,
518 4169 593 4237 dein
621 4169 782 4261 potiorem·
808 4170 921 4240 fratris
951 4167 1021 4238 filio
1043 4180 1194 4257 nepotem
