2846 4832
341 441 344 450 ,
370 378 433 446 DE
456 375 642 447 cfflouts
663 377 982 448 HEREDITATE.
1111 365 1113 373 '
1144 384 1212 451 383

145 544 374 631 audericum.
387 543 563 638 ἀποθανεῖν.
584 587 627 599 --
646 548 730 615 Mox
749 534 923 638 participia
945 549 1153 634 συνοικήσασα
1166 591 1208 604 --

134 646 476 738 ᾗτέκοῦσαάσυνίέτως
508 648 679 739 conjuncte
708 650 798 716 idem
818 651 931 726 velent
961 674 999 717 ac
1021 651 1049 718 si
1072 651 1210 720 dixisset
1273 689 1294 720 ·,

40 747 42 768 “
142 747 213 833 μετ’
238 747 274 824 οὖ
294 748 391 815 πολὺν
409 747 522 834 χρόνον
541 756 597 833 τῆς
618 741 820 850 συνοίκὴσεως
840 749 942 833 ἐπειδὴ
963 751 1060 818 ἔτεκεν
1079 787 1120 812 -ι
1141 753 1208 820 ’ἔτι-

143 849 295 935 λεῦτησιν.
318 850 408 917 Dein
423 865 568 940 apparet
573 875 824 922 commemorari
814 852 991 920 debuisse
1008 877 1074 928 non
1093 879 1208 940 quam-

51 953 58 962 ”
142 953 200 1018 diu
220 951 346 1020 vixerit
367 953 509 1046 mulier,
543 951 600 1018 sed
623 953 810 1039 quamdin'
798 977 836 1020 tn
856 955 1067 1020 matrimonio
1088 957 1207 1024 suerit.

141 1053 252 1141 itaque
264 1054 349 1140 quod
363 1053 464 1139 vulgo
485 1054 617 1142 legitur
626 1052 705 1135 μετὰ
728 1053 886 1129 ἕνιαυτοίς
903 1043 1068 1137 τριάκοντα
1088 1082 1207 1124 verum

142 1179 212 1223 esse
233 1179 312 1220 non
319 1169 437 1243 potest.
487 1153 644 1239 Triginta
675 1155 765 1221 enim
793 1156 873 1221 anni
895 1154 961 1222 dici
981 1180 1049 1221 non
1071 1176 1207 1246 possunt

138 1255 250 1344 χρόνος
270 1282 306 1323 ου
293 1251 436 1331 neiis:
463 1279 567 1341 neque
579 1279 659 1322 vero
675 1270 779 1344 potest
793 1256 900 1322 deleta
915 1257 1089 1344 negatione
1103 1260 1205 1328 scribi
1291 1325 1293 1332 ,

142 1355 348 1442 συνοικήσασα
360 1347 456 1421 noddo
474 1354 604 1438 χρόνονι
633 1380 711 1422 nam
729 1357 829 1424 breve
848 1355 934 1423 illud
957 1359 1215 1427 matrimonium·

139 1458 314 1526 scisceret
335 1459 408 1548 ipse
428 1459 638 1554 manifestum
661 1457 751 1529 facit
795 1454 1029 1548 Corruptum'
1018 1461 1123 1545 igitur
1142 1487 1206 1528 ιιιι-

140 1585 270 1628 merum
292 1583 360 1627 esse
382 1576 532 1649 apparet,
563 1557 755 1647 permutatis
776 1559 913 1666 fortasse
934 1559 1029 1648 siglis
1049 1585 1205 1628 numera-

237 1665 487 1680 ——u--n-

140 1679 228 1748 libus
250 1706 269 1766 y
290 1696 346 1746 aut
368 1684 386 1744 d
408 1694 440 1745 et
460 1689 495 1759 t,
524 1677 611 1765 quod
635 1699 738 1763 genus
761 1655 988 1768 conjecturae,
1018 1678 1099 1745 licet
1120 1681 1204 1748 alio·

139 1807 215 1848 rum
231 1781 413 1854 temeritate
428 1779 667 1880 quodammodo
681 1779 895 1862 infamatum,
923 1779 986 1844 hoc
999 1794 1109 1846 tamen
1129 1781 1204 1847 lo'co

139 1885 237 1970 plane
266 1885 487 1951 necessarium
513 1896 572 1948 est.
621 1879 664 1946 Et
686 1904 752 1946 non
773 1903 850 1946 raro
877 1879 954 1946 illas
975 1879 1129 1947 literas
1117 1900 1206 1948 mter
1263 1963 1265 1973 Ι

138 1985 519 2072 sepermutariconetat.
563 1981 641 2049 Vid.
658 1979 748 2048 Bast.
763 2004 882 2048 comm.
899 1983 1068 2070 palaeogr.
1088 2005 1122 2070 p.
1139 1985 1204 2051 802
1274 2057 1278 2076 Ι

139 2103 170 2153 et
184 2089 259 2154 711.
302 2085 351 2153 Ne
370 2087 442 2174 quis
462 2104 570 2152 autem
590 2084 674 2150 forte
692 2083 804 2150 aetatis
817 2105 920 2150 annos
942 2083 1111 2171 designari
1131 2110 1204 2153 cre·

113 2217 116 2230 ·
139 2188 212 2268 dat,
240 2190 346 2266 obstat
366 2212 434 2255 non
455 2189 562 2258 solum
577 2207 630 2251 res
651 2185 743 2275 ipsa,
766 2209 848 2272 quae
870 2183 1075 2272 matrimonii
1094 2187 1203 2275 potins

138 2314 235 2377 quam
246 2289 334 2356 vitae
347 2312 449 2354 annos
462 2285 714 2353 commemorari
735 2287 900 2371 postulat,
925 2286 982 2382 sed
1005 2287 1110 2376 etiem·
1125 2311 1202 2355 usus

113 2433 116 2445 ·
137 2391 305 2478 loquendi.
351 2389 482 2478 Quippe
497 2387 554 2474 qni
575 2385 771 2452 tricenarius
790 2385 890 2468 obiit,
922 2386 988 2451 dici
1009 2411 1075 2452 non
1098 2403 1202 2472 potest

137 2491 214 2575 μετὰ
236 2489 395 2566 ἐνιαυτοὺς
416 2485 580 2573 τριάκοντα
609 2485 795 2565 ἀποθανεῖν,
824 2485 890 2552 nisi
911 2505 1202 2556 commemoratum
1264 2483 1267 2498 ’
1300 2487 1305 2502 '

137 2609 232 2660 antea
260 2608 325 2676 est,
361 2616 425 2679 quo
456 2607 603 2676 tempore
634 2603 729 2654 natus
756 2587 811 2654 sit.
863 2585 1019 2654 Ceterum
1045 2588 1211 2657 Reiskius.

52 2757 54 2762 .
137 2717 266 2782 quoque
293 2709 325 2760 et
346 2681 498 2761 donesius
527 2705 717 2780 corruptum
739 2713 810 2756 esse
832 2709 1006 2755 nnmerum
1027 2689 1202 2759 intellexe-
1259 2745 1304 2776 .,
1416 2681 1417 2738 Ῑ

127 2810 232 2879 ¹runt,
264 2810 295 2861 et
316 2804 397 2878 τρεῖς
417 2817 478 2882 pro
498 2789 664 2878 τριάκοντα
686 2790 897 2857 scribendum
919 2806 1127 2872 censuerunt.

222 2903 257 2977 ᾗ.
279 2897 311 2963 8.
331 2893 446 2979 'insedi
472 2901 620 2978 συνοικεῖν
642 2888 716 2974 εἶχεν
744 2888 876 2976 ἡλικίαν.
918 2891 1065 2982 lta¹poct
1079 2890 1202 2977 ἡλικίαν

137 2999 226 3064 solus
241 2998 423 3064 infinitivus
442 2995 572 3062 additur
584 2994 683 3061 etiam
699 3017 752 3080 ap.
768 2993 908 3085 Lysiam
923 2995 963 3059 de
980 2997 1052 3060 olea
1067 3019 1100 3084 p.
1116 2994 1201 3064 284:

138 3097 214 3164 οὔθ’
238 3095 356 3181 ἡλικίαν
377 3097 454 3180 ἔχων
476 3097 586 3162 dotum
606 3097 672 3181 περὶ
694 3103 755 3159 τῶν
774 3092 933 3161 τοιούτων.
976 3094 1020 3179 Et
1039 3112 1112 3186 post
1132 3096 1199 3183 ὥρα
1269 3143 1276 3156 .

120 3183 190 3289 ap.
211 3197 296 3266 Isae.
319 3199 358 3265 de
374 3201 520 3292 Astyph.
543 3199 615 3265 her.
640 3197 749 3285 §.282
778 3193 864 3281 ὥραν
885 3193 965 3279 εἶχον
986 3194 1199 3265 παιδεύεσθαι.
1278 3269 1285 3280 ,

34 3389 38 3396 Ι
135 3300 216 3370 Post
237 3299 358 3377 ἐξουσία
380 3325 432 3390 ap.
447 3302 530 3392 Lys.
553 3301 589 3366 in
610 3300 739 3380 Andoc.
762 3324 794 3387 p.
817 3297 901 3365 241:
926 3294 1042 3364 ὀίικουν
1058 3300 1200 3375 ἐξουσίαν

133 3399 194 3488 χρὴ
215 3411 308 3468 ποιεῖν
329 3411 394 3476 τοῖς
413 3412 564 3491 μηνυταῖς
583 3399 707 3466 ἀδικεῖν.
749 3399 851 3466 Plura
864 3399 1006 3467 altorum
1026 3401 1198 3469 nominum
1304 3455 1307 3464 ,

56 3513 59 3519 ’
136 3505 288 3620 exempla
317 3505 435 3569 afferre
456 3505 549 3571 nihil
578 3503 769 3570 attinet.—
791 3501 901 3570 Post'
889 3526 926 3567 ιιι
948 3501 1033 3568 dotis
1054 3527 1199 3570 comme·

135 3595 320 3671 moratidne
332 3605 529 3693 praepositio
552 3604 623 3669 cdv
644 3603 777 3686 ἱματίοις
796 3629 847 3668 και
839 3603 1003 3689 χρυσίοις
1021 3603 1198 3692 significat,

134 3722 240 3796 vestes
262 3724 389 3794 quoque
415 3721 447 3771 et
477 3707 613 3772 aureuin
635 3720 786 3773 ornatum
809 3705 876 3771 doti
898 3705 1095 3773 accensenda
1116 3730 1206 3796 esse„

133 3821 170 3874 ut
191 3807 220 3872 si
241 3833 315 3874 cum
337 3806 477 3895 pecunia
499 3807 596 3873 etiam
617 3807 752 3876 illarum
773 3831 885 3877 rerum
901 3807 1042 3896 pretinm
1063 3832 1199 3899 compu-

133 3924 236 3993 tetur,
259 3933 388 3975 summa
406 3909 526 3975 existat
537 3907 640 3977 XXV
662 3909 839 3976 minarum.
883 3908 937 3975 De
957 3934 993 3975 re
1011 3910 1098 3976 conf.
1115 3933 1197 3998 quae

133 4009 219 4126 dicta
241 4011 378 4077 suntad
402 4027 484 4079 orat.
500 4010 539 4076 de
556 4009 697 4076 Menecl.
720 4010 833 4079 hered.
858 4009 895 4097 ᾧ.
908 4011 941 4078 9.
956 4010 1101 4078 Addde
1123 4013 1195 4079 ord.
1230 4111 1234 4136 ,

132 4112 202 4202 lud·
218 4137 259 4299 ξ.
271 4110 416 4280 Elddter
431 4210 659 4300 probationes,
687 4235 769 4300 qnae
784 4211 937 4298 deinceps
957 4227 1196 4312 proponuntur,

132 4336 233 4379 unam
256 4325 352 4379 nemo
375 4338 440 4382 non
462 4314 629 4403 requiret,
660 4337 742 4401 quae
763 4313 896 4401 quidem
918 4312 1070 4378 omnium·
1093 4329 1126 4380 et
1144 4315 1195 4380 sa-
