2846 4832
372 281 435 348 DE
457 278 640 365 GlliONlS
662 280 978 360 HEREDITATE.
1147 287 1207 352 391

12 491 13 500 ι
46 449 54 458 ’
144 449 310 518 Devarius
331 449 462 538 pstea,
492 464 523 514 et
543 472 671 540 semper
691 449 727 516 id
748 449 833 536 quod
855 473 894 538 re
912 473 993 516 vers
1014 451 1137 518 lecmm
1159 469 1218 518 εει·

114 633 118 648 1
146 551 282 641 opponit
308 552 339 615 ei
366 551 451 637 quod
479 550 552 624 fieri
580 564 706 639 poterat
730 551 785 618 vel
813 549 962 617 debebat.
1016 553 1071 628 Εἰς
1096 549 1136 618 i'co
1158 568 1205 618 est
1243 599 1245 608 .

121 719 125 722 ,
145 677 217 718 εισι
229 675 337 732 ιιιιιιιες
366 653 407 727 εἰς
423 651 587 734 ἐρχομένην
596 649 715 736 ημέραν
730 651 872 741 explicat
885 650 1095 740 Harpocret„
1117 653 1205 718 lruuc

82 799 83 804 ι
145 753 256 840 ipsum
277 754 386 818 locum
407 752 524 818 citans.
820 791 824 800 ·

230 853 268 942 §.
289 855 344 920 26.
375 849 445 918 οὐδὲ
446 879 464 916 ι
490 851 559 938 γὰρ
577 851 683 935 ὅμοιον
712 845 750 936 ἦν
769 881 824 936 μοι
844 853 921 936 πρὸς
940 878 1061 919 τουτον,
1102 852 1149 920 Η.
1173 879 1203 920 ε,

144 980 206 1022 noc
233 955 342 1019 eodem
368 955 445 1019 ms'lti
464 955 609 1026 adversos
634 954 716 1019 Ῑιιιιιε
734 957 818 1021 ratio
839 968 909 1020 erat
929 954 1000 1032 scil,
1024 977 1105 1042 quae
1127 954 1205 1020 huic

112 1099 115 1107 ι
145 1057 301 1124 adversus
327 1079 392 1122 me.
435 1052 474 1122 ld
497 1055 659 1140 quomodo
685 1055 937 1143 intelligendum
958 1055 1021 1135 eit,
1053 1057 1206 1143 proxima

144 1157 246 1224 verba
275 1157 452 1222 declarant.
496 1154 614 1242 Videri
642 1155 759 1240 igitur
771 1156 874 1246 possit
905 1157 972 1239 ἐμοὶ
993 1155 1101 1244 potius
1114 1157 1205 1236 ..scri-

146 1259 290 1324 bendum
320 1257 422 1324 fnisse
450 1258 490 1322 ed
519 1256 759 1342 oppositionem
781 1257 975 1338 notandam3
1007 1256 1066 1322 sed
1086 1257 1149 1322 lrac
1169 1253 1205 1322 iu
1277 1303 1291 1328 .

131 1384 182 1440 ,ιε
202 1358 312 1426 minus
328 1381 563 1444 nonuunquam
580 1357 754 1442 diligentes
766 1373 891 1426 veteres
908 1356 1083 1446 scriptores
1104 1357 1205 1424 fuisse
1274 1373 1276 1380 ’

145 1475 280 1527 εοιιειει,
332 1458 414 1535 vid.
434 1457 620 1528 Bernhard.
643 1456 789 1550 Syntax.
820 1484 853 1548 p.
876 1457 1050 1528 271275,
1092 1457 1206 1544 ltaque

145 1562 244 1627 etiam
271 1562 383 1649 paullo
409 1560 498 1626 infre
519 1559 656 1626 retineri
685 1561 791 1649 potuit
810 1575 905 1628 vetus
926 1559 1086 1648 scriptura
1107 1555 1207 1644 τοίσῳ

146 1662 182 1728 dl
209 1661 246 1744 μ’
277 1660 314 1727 οὐ
343 1667 493 1747 προσῆκει
523 1647 596 1739 tir,
633 1676 664 1726 et
690 1661 917 1744 retinuissem,
957 1659 1207 1726 siEekkerum

135 1764 265 1850 ubsque
286 1762 437 1828 codicum
457 1763 648 1828 auctoritate
669 1760 703 1826 d*
723 1761 774 1846 ili'
798 1760 834 1828 od
848 1801 891 1812 -
911 1760 1094 1849 reposuisse
1111 1783 1206 1825 com·

143 1879 272 1954 portum
287 1865 455 1931 haberem.
483 1863 593 1929 *Nunc
608 1865 710 1946 semel
726 1857 890 1952 receptum
903 1863 1080 1928 exturbare
1094 1861 1205 1929 nolui.
1229 1857 1232 1870 ’

228 1957 266 2053 G.
284 1969 338 2033 27.
360 1965 409 2029 inl
429 1969 485 2030 τοῦ
505 1962 675 2048 μνήματος.
718 1963 874 2032 Veterem
895 1963 1068 2032 lectionem
1086 1962 1134 2026 inl
1150 1966 1207 2029 τοῦ

145 2063 286 2150 βήματος
307 2081 493 2155 corruptam
521 2089 589 2132 esse
612 2083 756 2157 apparet.
801 2065 987 2150 Quemnam
1008 2063 1098 2130 enim
1117 2064 1207 2129 httnc
1259 2079 1267 2091 ¹

146 2178 334 2254 suggestum
362 2168 462 2232 fuisse
483 2167 725 2252 cogitabimus?
753 2168 811 2233 An
832 2167 917 2232 forte
937 2167 974 2232 iu
995 2164 1206 2253 magistratus

146 2269 272 2356 ἀρχιίῳ,
305 2291 405 2355 quum
426 2266 585 2351 ἀνάκρισις
605 2263 778 2352 ageretur?
806 2265 876 2332 Sed
899 2290 1003 2353 neque
1022 2267 1059 2331 in
1080 2265 1207 2349 ἀνακρί-

146 2393 190 2435 σιι
217 2393 364 2456 unquam
394 2368 561 2454 litigantes
593 2367 628 2433 iu
661 2381 815 2454 suggestu
836 2361 1019 2433 constitisse
1037 2365 1207 2452 ιιιιιιὶιιιιιε,

145 2495 249 2560 neque
270 2495 328 2560 per
349 2494 384 2536 se
405 2469 562 2534 credibile
580 2481 645 2547 est,
672 2468 735 2533 hoc
756 2481 825 2532 tum
842 2466 975 2532 demum
995 2480 1103 2533 sctum
1125 2489 1206 2550 esse,

145 2574 203 2638 lite
223 2572 291 2661 jem
311 2571 464 2636 inchoate
487 2583 518 2634 et
536 2567 652 2634 libello
668 2567 835 2656 petitionis
852 2567 970 2635 delato.
1011 2563 1125 2652 ltaque
1139 2589 1208 2632 nou

146 2672 296 2738 dubitavi
322 2667 482 2754 μνήματος
512 2670 708 2756 corrigere.
740 2667 781 2736 ln
810 2669 944 2752 funere,
984 2666 1069 2754 apud
1098 2666 1208 2754 ipsum

146 2775 354 2860 sepulcrum,
388 2787 481 2839 actor
512 2773 551 2838 de
572 2769 692 2836 Diocle
723 2784 930 2888 conquestus
946 2765 1118 2834 εει.οε
1145 2768 1207 2832 hoc

145 2899 208 2940 usu
236 2873 487 2983 praepositionis
516 2873 566 2948 snt
589 2896 664 2937 cum
688 2871 835 2958 genitivo
864 2870 954 2950 vid.,
985 2867 1015 2936 si
1041 2869 1124 2986 tanti
1147 2881 1207 2952 est,

145 2955 262 3042 March.
285 2999 336 3063 gr.
335 2975 417 3043 Gr.
440 2999 473 3070 p.
463 2975 590 3042 ‚1162
824 2977 828 2982 ’

232 3075 270 3162 ἦ,
291 3078 345 3160 28.
373 3072 473 3142 πόθεν
500 3074 561 3160 χρὴ
589 3071 787 3140 πιστεύεσθαι
813 3072 852 3138 τὰ
875 3071 981 3158 eiprppd
978 3097 1016 3136 να
1043 3077 1108 3138 κτλ.
1153 3067 1208 3137 Si

146 3177 331 3252 millimnn
346 3177 445 3265 hujus
458 3177 563 3244 nostri
582 3178 692 3242 locum
714 3173 962 3264 etpaucissimis
982 3187 1110 3240 tantum
1131 3197 1208 3241 ver·

148 3279 198 3344 bis
213 3273 459 3374 discrepantem
477 3289 530 3346 'ex
551 3278 617 3344 alia
638 3276 778 3363 quadem
798 3276 884 3342 lseei
905 3275 1051 3342 oratioue
1073 3295 1134 3360 pro
1156 3290 1209 3338 ιιι-

148 3397 240 3458 tore,
271 3394 312 3444 ut
331 3363 486 3460 videtur,
525 3379 707 3465 conscripta
729 3379 806 3444 citat
827 3376 1013 3469 Dionysius
1034 3374 1207 3442 Helicen-u.

147 3497 227 3546 tom.
249 3479 337 3568 Vp.
351 3481 426 3546 666.
450 3481 494 3546 0.
515 3480 554 3549 G.
576 3479 645 3548 Vll
663 3503 698 3570 p.
715 3479 790 3548 328.
804 3503 916 3572 eaque
934 3476 1116 3545 similitudo
1129 3475 1209 3542 Rei-

148 3581 260 3646 skium
281 3598 313 3646 et
330 3580 527 3647 Bekkerum
548 3581 702 3666 induxit,
728 3577 765 3646 ιιι
784 3604 908 3647 errasse
926 3578 1132 3670 Dionysium
1154 3603 1209 3644 su·

149 3682 352 3798 spicat-entur
382 3699 412 3750 et
431 3683 629 3748 memoriter
652 3683 807 3750 citantem
831 3681 955 3748 huuc'
941 3705 1052 3770 ipsum
1075 3696 1210 3745 nostrae

150 3778 310 3850 orationis
329 3785 439 3850 locum
457 3807 532 3850 cum
554 3782 639 3853 alius
659 3783 816 3855 orationis
831 3785 1017 3872 fragmento
1037 3803 1210 3872 perperam

150 3884 382 3971 composuisse.
424 3885 537 3970 ltaque
558 3884 731 3958 inserenda
753 3909 880 3974 qnoque
899 3885 979 3952 linio
1000 3886 1073 3950 looo
1095 3881 1211 3954 eDio7

150 3984 248 4075 nysio
262 4000 416 4072 putarunt
430 3989 533 4070 verba
553 3985 630 4072 πρὸς
651 3992 732 4052 θεῶν
738 4035 756 4078 ,,
777 4011 859 4074 quae
871 3987 982 4052 nullus
995 3985 1089 4052 flsaei
1102 3985 1212 4050 codex

153 4087 320 4177 agnoscit,
352 4099 385 4170 et
408 4085 588 4166 Bckkerns
617 4087 653 4158 iu
681 4088 874 4174 fragmentis
902 4112 935 4176 p.
959 4084 1021 4152 143
1042 4085 1211 4170 geminnm

153 4186 251 4254 illum
276 4189 386 4256 locum
409 4189 506 4276 plano
527 4187 649 4258 omisit.
693 4185 844 4271 lucente,
871 4186 1106 4272 meconidem
1127 4184 1216 4277 judi·
