2910 4830
250 323 316 394 288
590 319 949 404 momorum

252 515 314 581 que
340 504 481 560 matrem
501 503 533 558 et
560 505 683 559 ceteras
702 487 923 580 Dicaeogcnis
949 488 1083 556 secundi
1104 511 1234 558 sorores
1255 513 1311 560 so·

250 615 429 704 rornmqne
447 592 581 659 liberos.
631 591 717 659 Nam
738 593 835 681 plano
855 587 1001 658 alienum
1021 592 1177 686 nulleque
1198 593 1311 660 secam

250 677 445 782 cognatione
479 691 628 785 junctum
655 715 675 758 a
700 691 909 778 Dicaeogeno
941 692 1083 759 secondo
1118 691 1311 782 adoptstpm

249 818 320 862 esse
340 793 449 862 minus
470 808 519 860 cst
537 791 791 861 verisimile.—
810 789 941 860 Deinde
961 793 1083 861 omissa
1103 792 1207 859 estin
1227 791 1311 861 Rei·

247 895 318 963 skii
337 909 374 968 et¹
389 892 516 963 Jonesii
537 908 705 962 stemmate
719 890 994 982 Gephisophontis
1014 892 1103 978 filia,
1130 893 1310 974 Menexeni

248 995 383 1068 secundi
403 1017 517 1079 soror,
547 1017 646 1080 qnam
665 993 817 1066 addidie
839 999 873 1074 9.
893 994 927 1060 9.
948 1029 992 1044 -
1011 992 1184 1064 Postremo
1206 994 1309 1062 ctiam

249 1093 469 1187 Cephisodoto
499 1108 556 1162 ant
575 1085 680 1162 unuin
709 1110 766 1161 ant
785 1094 885 1160 etiam
904 1095 1015 1184 plnres
1035 1095 1092 1163 vel
1110 1095 1229 1162 fratres
1251 1095 1309 1167 vel

247 1217 377 1267 sorores
395 1195 498 1264 inisse
518 1209 651 1288 apparet
671 1219 689 1262 e
712 1201 746 1276 §-
760 1195 822 1276 .10,
843 1195 902 1261 nbi
921 1194 1045 1284 pinrali
1064 1194 1198 1263 nominc
1219 1195 1309 1266 desi·

247 1313 394 1388 guantur
405 1295 536 1384 ὀρφανοὶ
557 1293 711 1382 γενόμενοι
718 1341 731 1376 ,
743 1310 784 1363 et
799 1296 909 1384 paullo
926 1311 1016 1387 post:
1044 1293 1066 1360 ἃ
1082 1291 1100 1362 ὃ
1116 1293 1221 1384 πατὴρ
1242 1296 1307 1362 od·

246 1409 331 1476 τοΐς
350 1398 508 1464 κατέλιπεν
525 1411 615 1464 —et
630 1397 665 1484 ᾗ,
678 1399 738 1492 11ι
759 1395 815 1480 τὴν
829 1396 928 1462 oixiov
943 1395 1073 1464 adacio
1085 1395 1142 1482 τὴν
1155 1395 1312 1487 ncrppior‘

245 1501 342 1567 naid
349 1525 399 1568 ων
414 1497 536 1566 ὄντων
553 1492 760 1566 ιοῦτωι-.
773 1497 879 1585 Quid?
891 1497 1082 1586 quodetiam
1093 1498 1197 1566 actori
1209 1523 1308 1568 soror

245 1601 394 1670 addenda
413 1600 476 1669 init
484 1645 496 1685 ,
518 1600 549 1667 si
563 1623 642 1678 vera
656 1598 876 1668 essetReiskii
889 1599 929 1665 do
943 1597 1147 1666 emendanda
1163 1601 1305 1690 lectione

245 1704 340 1794 §.ts
359 1700 558 1795 conjectura.
608 1701 662 1768 Ibi
682 1699 771 1767 enim
792 1701 873 1768 haec
892 1699 1065 1788 legontnrs
1092 1685 1306 1789 Πρωτιρχίδῃ
1430 1741 1431 1780 3

243 1804 305 1891 γὰρ
317 1829 362 1889 τῳ
347 1803 514 1890 ‘Hotopi
498 1826 523 1866 ω
536 1799 880 1886 ἔδωκεΔικαιογένης
845 1824 902 1884 την
917 1797 1053 1888 ἀδελφὴν
1064 1800 1152 1886 τὴι“
1136 1810 1305 1871 εαυτοῦ-ζ

242 1902 343 1992 ταύτῃ
363 1905 398 1970 δὲ
417 1909 457 1990 τῇ
476 1865 594 1986 ydrossd
613 1939 657 1958 -.-
676 1899 821 1990 προσήκει
810 1907 903 1968 awo
923 1899 1039 1987 κλήρου
1058 1902 1190 1989 μίρος”
1172 1926 1310 1993 οσοιιιερ-

242 2031 283 2094 τη
267 2005 395 2089 μ”ητρι
415 2009 455 2090 τῇ
476 2003 545 2090 ἐμῇ.
586 2000 817 2071 Pronomen
801 2007 914 2070 scotori
934 2019 1123 2095 corruptum
1144 2029 1213 2072 esse
1234 2030 1304 2074 non

243 2105 399 2193 estquod
420 2104 558 2174 dubites.
601 2104 736 2173 Nam'
708 2128 737 2172 ιι
757 2104 822 2194 ipss
811 2103 1042 2194 Dicaeogeni
1061 2105 1158 2173 tertio
1180 2130 1225 2178 ex
1245 2131 1304 2174 eo·

242 2207 397 2298 gestione
423 2197 515 2273 nulla
533 2199 611 2296 pars
637 2205 829 2275 hereditatis
855 2206 1033 2274 debebatur
1053 2206 1139 2296 (vid.
1159 2208 1196 2295 ᾖ.
1220 2207 1303 2297 ld),

241 2323 375 2400 apparet
393 2329 462 2373 non
473 2307 580 2393 magis
600 2306 708 2374 sorori
725 2307 799 2398 ejus
814 2305 992 2396 quidquam
1012 2307 1124 2376 deberi
1143 2309 1307 2399 potuisse.-
1359 2313 1364 2318 '

240 2410 354 2498 ltaque
374 2405 533 2488 Reiskius
561 2405 620 2505 τὴν
640 2407 776 2491 ἐμαυτοῦ
797 2408 1023 2498 reponendum
1044 2409 1166 2497 suasit,
1197 2435 1305 2500 eaque*

240 2511 428 2602 conjecturo
448 2525 480 2576 et
500 2508 634 2578 Jonesio
653 2507 791 2600 pr‘obato
812 2505 860 2578 est
880 2525 912 2576 et
931 2508 1119 2596 Bunsenio',
1147 2511 1204 2600 qui
1225 2512 1301 2600 qoi-

240 2611 377 2688 demde
403 2609 469 2705 jur.
497 2611 568 2679 her.
596 2636 630 2702 p.
651 2611 696 2678 28
720 2611 768 2679 ita
795 2626 940 2678 correcto
970 2613 1043 2678 loco
1068 2611 1173 2678 ntitnr
1197 2614 1311 2682 etiam,

238 2715 281 2782 sd
308 2713 617 2796 demonstrandum,
654 2735 783 2780 sorores
812 2711 957 2780 defuncti
992 2736 1060 2779 non
1086 2714 1185 2780 modo
1221 2739 1299 2782 cnm

238 2814 381 2896 aliarum
411 2836 583 2906 sorornm,
611 2814 669 2880 sed
697 2813 898 2883 etiamnum
925 2811 993 2881 suis
1013 2812 1160 2904 ipsarum
1179 2811 1296 2883 liberis

236 2914 451 2983 hereditatem
477 2914 514 2980 in
540 2913 646 3003 capita
673 2913 838 2982 divisisse.
890 2913 939 2981 At
967 2929 1005 2981 ιι
1033 2938 1114 2982 vcra
1142 2914 1186 2982 sit
1212 2917 1296 2984 haec

235 3014 399 3084 Bunsenii
424 3014 583 3084 sententia
603 3050 647 3066 -
667 3037 731 3102 qna
752 3016 792 3082 de
812 3039 850 3083 re
871 3014 984 3084 statim
1004 3015 1132 3082 dicetur
1151 3053 1195 3070 ·-
1213 3015 1296 3084 Rei·

235 3117 305 3186 skii
335 3131 446 3184 tamen
478 3114 712 3182 correctionem
738 3117 879 3204 probare
912 3140 980 3183 non
1010 3140 1155 3206 possum.
1217 3117 1294 3202 Quo

102 3289 105 3297 ,
152 3291 156 3306 ,
234 3218 326 3288 enim
344 3217 418 3308 jore
439 3214 559 3282 actoris
579 3239 726 3283 sororem
734 3216 977 3305 Dicaeogenem
998 3217 1131 3287 tertium
1152 3217 1293 3310 despon-

234 3321 321 3390 disse
350 3317 548 3384 credamus?
578 3316 622 3414 Ut
646 3331 806 3404 tutorem,
840 3318 960 3406 inquit.
1019 3318 1158 3388 Factum
1188 3320 1293 3408 igitur

232 3421 297 3489 lroe
324 3443 394 3488 esse
425 3432 551 3536 oportet
581 3433 656 3486 ante
682 3442 781 3507 qnam
808 3434 898 3486 ector
928 3419 998 3510 ipse
1028 3420 1159 3489 adultus
1187 3437 1291 3506 esset3

232 3519 399 3608 alioquin
411 3518 500 3586 enim
531 3519 630 3586 hio
617 3540 705 3611 rpse,
744 3543 810 3587 non
838 3520 1082 3610 Dicaeogcnos,
1114 3522 1294 3592 mulierem

198 3655 200 3660 v
230 3621 327 3689 illam
347 3619 580 3710 despondisset.
632 3621 761 3709 Quodsi
780 3622 924 3717 sororis,
953 3621 1053 3690 etiam
1072 3617 1181 3712 ipsius
1197 3635 1289 3692 ecto·

191 3729 196 3752 '
230 3722 279 3802 ris
298 3736 439 3790 tutorem
459 3716 702 3810 Dicaeogenem
721 3721 824 3788 fnisse
844 3737 982 3814 oportet.
1025 3723 1074 3791 As
1092 3730 1231 3805 vero4.
1246 3726 1289 3792 16

183 3901 186 3910 ¹
229 3820 275 3890 ita
295 3823 442 3910 ioquitnr
466 3825 552 3906 illo,‘
573 3840 629 3904 nt,
658 3847 731 3890 meo
753 3822 884 3910 quidem
910 3822 1052 3912 judicio,
1085 3849 1190 3912 neque
1216 3825 1291 3916 ipsc

228 3925 289 3992 sub
309 3922 529 4012 Dioacogenis
550 3926 650 3992 tutela
675 3924 777 3991 {cisse
797 3924 906 3993 videri
926 3925 1045 4014 possit,
1074 3949 1179 4014 neque
1201 3926 1287 3996 alins

228 4024 399 4114 quisquam
432 4029 472 4095 de
508 4025 606 4116 hujus
638 4024 835 4096 adversariis
873 4041 1003 4115 practer
1030 4024 1287 4116 Cephisodotnm

227 4144 413 4216 ceterosque
426 4125 635 4217 Theopompi
653 4126 789 4196 liberos.
831 4128 945 4215 Itaque
965 4151 1067 4215 quum
1086 4151 1192 4219 neque
1211 4125 1286 4193 ἔαυ-

225 4235 282 4295 τοῦ
301 4226 448 4316 retincti,
474 4251 579 4316 neque
598 4227 733 4312 ἐμαυτοῦ
752 4227 886 4319 probari
897 4252 993 4318 posse
1007 4227 1171 4326 rideatur,
1199 4227 1285 4297 milti
