2910 4830
321 1315 324 1322 ⁴
462 1247 508 1302 ιιι
531 1242 810 1302 coerroneos
834 1243 884 1302 vr.
1242 1333 1248 1346 ,

197 1412 269 1483 DE
299 1395 748 1510 Pnuocraorools
782 1409 1152 1520 HEREDITATE.

542 1653 802 1718 raoocmpss,

61 1849 64 1862 ·
142 1774 308 1888 Euctemo
328 1816 472 1906 'quidam
497 1841 543 1885 ax
572 1840 678 1886 uxore
697 1815 857 1892 Mixiaclis
879 1813 1027 1904 Cephisii
1046 1817 1115 1884 lilia
1135 1832 1203 1887 tres
1311 1839 1313 1847 ·

143 1920 277 1989 sustulit
313 1919 420 2008 lilios,
461 1918 768 2003 Philoctemoncm,
810 1917 1056 2005 Hegemonem‚
1095 1911 1205 2010 Erga·

141 2043 296 2110 merem,
328 2021 414 2088 filias
450 2017 567 2088 autem
588 2021 689 2104 duas,
712 2040 864 2105 quarum
898 2020 1036 2086 alteram
1067 2020 1203 2090 Phano-

141 2135 281 2207 stratus,
312 2124 451 2188 alteram
472 2119 636 2206 chaereas
665 2143 808 2187 uxorem
829 2119 936 2190 duxit.
979 2120 1147 2188 Adultis
1134 2147 1203 2211 pam

140 2222 259 2290 liberis
288 2221 466 2304 Euctemo,
503 2222 581 2292 licet
605 2234 779 2322 provectas
805 2235 929 2302 aetate,
958 2245 1070 2290 amare
1098 2224 1204 2314 coepit

94 2397 100 2424 2
140 2323 250 2391 Alcen
271 2325 452 2414 quandam,
481 2321 694 2408 libertinam,
726 2345 827 2410 quae,
858 2344 959 2408 quum
979 2338 1073 2390 antea
1091 2343 1203 2391 onere-

141 2425 276 2494 ericium
303 2440 472 2512 quaestum
497 2425 643 2508 fecisset,
679 2435 754 2513 post
774 2424 815 2490 ab
844 2421 904 2489 illo
924 2420 1052 2490 insulae
1069 2426 1203 2493 cuidam

141 2550 221 2595 suae
252 2526 290 2592 in
316 2525 489 2593 Ceramico
515 2523 699 2614 praeposita
724 2539 809 2591 erat.
851 2521 927 2589 Huc
948 2549 1048 2610 quum
1074 2527 1205 2617 saepius

141 2627 388 2698 ventitaretad
393 2625 553 2693 locarium
574 2624 773 2713 exigendum
789 2623 870 2690 adeo
890 2625 1062 2719 paullatim
1083 2628 1204 2724 mulie·
1283 2681 1285 2692 .

143 2728 192 2798 ria
221 2727 453 2796 consuetudine
485 2742 597 2817 captus
627 2741 695 2812 ιιι,
729 2739 767 2794 ut
796 2729 989 2830 plerumque
1015 2729 1101 2818 apud
1129 2753 1203 2798 eam

143 2844 315 2914 coenaret,
341 2845 522 2919 postremo,
549 2829 671 2900 frustra
687 2819 931 2894 dehorlantibus
945 2852 1051 2896 uxore
1064 2844 1096 2896 ct
1110 2831 1203 2918 filiis,

143 2932 243 3000 domo
264 2955 322 2998 sua
344 2947 375 2998 ct
394 2930 521 2997 familia
540 2929 655 2996 relicta
668 2945 708 3001 ,ιι
725 2928 868 2996 divortio
889 2929 987 2996 etiem
1008 2954 1082 2998 cum
1099 2956 1204 3001 uxore

142 3034 289 3120 lacto*),
316 3034 413 3124 plana
434 3032 517 3122 apud
534 3030 629 3098 illam
641 3029 678 3096 in
691 3028 862 3098 Ceramico
882 3030 1056 3101 habitaret.
1099 3032 1204 3104 Erant

144 3148 254 3200 aretem
270 3134 335 3198 (luo
353 3134 456 3199 Aleae
476 3131 557 3218 filii,
585 3157 628 3199 ex
644 3130 754 3201 Dione
776 3130 938 3219 quodam,
966 3146 1003 3199 ut
1022 3149 1133 3202 orator
1145 3137 1203 3221 ait,

144 3233 281 3308 homine
306 3232 461 3300 libertino
490 3233 659 3324 concepti3
695 3235 816 3300 horum
848 3230 1006 3321 majorem
1033 3237 1205 3327 persuadet

144 3335 351 3402 molier‘seni
362 3349 398 3399 ut
419 3349 573 3421 tanquam
587 3359 683 3401 suum
705 3349 737 3401 et
756 3331 944 3420 legitimum
964 3335 1002 3402 iu
1021 3336 1205 3426 phratriam

144 3435 302 3508 iuducere
333 3452 483 3518 conetur3
523 3437 608 3523 quod
637 3462 738 3524 quum
764 3459 868 3522 neque
888 3435 1110 3525 Philoctetae,
1148 3441 1205 3528 qui

57 3549 61 3556 '
144 3563 230 3604 unus
259 3537 367 3604 adhuc
396 3538 436 3603 de
462 3537 567 3604 tribus
596 3535 806 3605 Euaemonis
835 3536 914 3604 filiis
939 3554 1100 3627 superatae
1122 3556 1204 3626 crat,

146 3639 356 3724 concederat,
388 3653 420 3705 et
439 3640 610 3730 phratores
630 3639 889 3732 pueramistum
910 3641 983 3706 albo
1005 3663 1065 3708 auo
1086 3641 1205 3710 inscri-

130 3733 224 3806 ¹berc
254 3731 460 3821 recusarent,
499 3741 602 3807 iratus
632 3738 788 3807 Euctemo
820 3739 964 3806 minatur
993 3765 1029 3810 sc
1051 3741 1206 3811 'nitorem

146 3841 321 3908 ducturum
342 3841 548 3932 Democratis'
569 3842 757 3931 Aphidnaei
778 3863 942 3926 sororem,
964 3867 1007 3910 ex
1027 3868 1091 3931 qua
1111 3846 1205 3932 vide.
1325 3841 1329 3848 '

144 3943 223 4012 licet
250 3943 395 4024 liberos,
430 3941 467 4012 si
486 3968 552 4011 non
581 3949 784 4034 procrearet,
818 3943 853 4009 id
874 3945 958 4030 quod
983 3970 1043 4035 per
1068 3962 1205 4014 aetatem

146 4042 273 4133 sperari
293 4067 361 4110 non
381 4046 505 4134 potuit,
537 4060 569 4112 at
584 4053 769 4134 procreatos
783 4045 977 4111 mentiretur
996 4051 1029 4114 ιι
1047 4048 1087 4113 in
1103 4050 1206 4138 pbr-sy·
1288 4090 1290 4100 ·
1421 4048 1428 4059 '

145 4144 246 4211 triam
265 4144 456 4232 induceret,
489 4159 554 4236 q'uo
574 4144 817 4216 Philoctemoni
845 4147 1000 4242 damnata
1029 4148 1206 4238 aliqiiarstlo

181 4319 209 4386 ·)
225 4316 294 4374 ιιι.
313 4315 376 4373 noe.
393 4318 431 4374 ιι
448 4319 477 4389 e.
493 4318 538 4374 ιι
