2910 4830
237 331 303 400 ιιι
479 314 495 370 -’
597 325 647 398 ιιι
666 305 944 398 omnonhu

322 495 528 588 ἀναγνώσεται
549 497 585 561 et
603 491 677 579 ἀμῖν
696 533 748 561 -.
770 494 866 564 Nihil
884 494 941 562 hic
967 517 1039 562 ease
1058 507 1212 586 apparet,
1245 497 1297 563 cui

240 601 275 664 δὲ
295 598 480 690 conjunctio
497 612 698 690 opponatur,
727 597 939 683 quemobrem
952 594 1110 664 Reiskius
1123 599 1297 664 ante'haec

240 701 343 770 verba
363 697 525 770 excidiase
543 713 635 789 putat
664 697 753 764 αὐτοὶ
774 698 836 783 (ιο.
857 696 887 764 οἳ
907 695 1073 785 φράτορες)
1102 695 1299 784 μεμαρτυρή-

241 824 341 868 κασιν.
382 797 425 868 Et
444 823 524 866 sune
550 821 651 886 quum
668 796 712 875 ώς
730 822 762 883 γε
781 797 1011 887 praecesserit,
1037 799 1218 886 requiritur
1238 799 1299 866 ali·

201 965 207 989 Ι
242 902 320 990 quid
336 925 401 989 quo
421 923 574 991 suspensa
592 899 698 966 oratio
713 899 946 984 concludatur,
977 901 1073 987 quale
1089 915 1137 968 est
1146 899 1299 967 Reiskia·

101 1089 102 1094 γ
242 1025 323 1070 num
353 1002 438 1068 illud
468 1001 748 1091 supplementum,
765 1011 861 1082 'aut,
899 999 998 1086 quod*
1015 1001 1140 1070 amicus
1169 1001 1299 1089 quidem

243 1101 432 1193 proposuit,
465 1101 538 1170 οὐδ’
575 1093 659 1168 οὗτοι
690 1099 871 1186 ἀρνοῦνται,
904 1100 959 1167 cni
989 1101 1066 1168 dein
1094 1097 1300 1187 ἀναγνώσεται

154 1213 157 1222 ’
245 1204 279 1270 di
303 1219 392 1271 recte
420 1203 464 1270 sit
489 1201 685 1294 oppositum.
735 1201 855 1270 Nescio
880 1208 989 1268 tamen
1018 1227 1061 1271 an
1086 1204 1175 1270 nihil
1200 1205 1300 1270 hice

244 1303 393 1372 librariis
421 1304 632 1372 commissum
662 1303 724 1387 sit,
757 1302 813 1369 sed
845 1302 915 1393 ipse
943 1317 1055 1371 orator
1083 1301 1302 1380 ἀνακαλοάθισς

247 1405 372 1472 dixisse
396 1405 505 1474 videri
530 1405 657 1472 debeat.
700 1401 787 1472 Nam
814 1403 844 1471 si
864 1404 898 1469 ἀί
919 1405 1101 1490 omisisset,
1130 1407 1212 1472 haec
1232 1405 1301 1494 ipsa

139 1537 143 1552 ·
246 1503 453 1596 ἀναγνώσεται
471 1545 515 1561 --
534 1505 592 1589 τὴν
621 1505 796 1591 μαρτυρίαν
816 1506 1002 1573 inchoatam
1030 1506 1204 1596 periodum
1218 1530 1302 1574 cou-

246 1609 447 1695 eluderent·
463 1631 552 1674 nunc
581 1607 677 1694 quasi
701 1609 784 1674 haec
809 1607 878 1697 jam
904 1609 1057 1676 conclusa
1078 1607 1147 1694 s'it,
1181 1606 1301 1676 oblitus
1386 1603 1407 1618 ”

246 1709 372 1776 scilicet
401 1707 640 1826 ponjunctionis
660 1703 718 1790 ώς,
748 1731 870 1776 novam
891 1707 970 1775 de
958 1724 1088 1798 integro
1109 1723 1161 1775 et·
1157 1709 1303 1782 liberum

247 1809 508 1884 enunciationem
535 1806 727 1894 exorditur,
759 1833 858 1900 quam
878 1810 1016 1878 debehat
1041 1810 1162 1952 prioris
1182 1813 1304 1902 epodo·

247 1911 302 1981 sin
320 1912 440 1979 iacere.

331 1992 370 2099 5.
391 2013 445 2081 77.
476 2013 539 2076 τών
560 2007 656 2076 edroi
675 2015 737 2076 τοῦ
751 2011 872 2078 θείοο’
859 2018 1080 2100 ιιιμοιρτοριῶν.
1121 2011 1303 2103 improprio

246 2113 454 2198 ἀνμσρτορίας
473 2111 553 2190 dicit
573 2111 729 2180 avunculi
750 2113 894 2180 defuncti
914 2114 1078 2200 actiones,
1108 2113 1228 2202 quihus
1248 2115 1304 2185 illo

247 2202 473 2284 testimonium
489 2212 728 2303 quodammodo
743 2214 903 2301 ediderit,
923 2217 1028 2282 filium
1040 2224 1134 2284 suam
1155 2240 1227 2284 nou
1238 2239 1304 2284 esso

247 2315 448 2402 legitimam
468 2314 743 2405 quemadmodum
759 2339 992 2406 saepenumero
1005 2317 1103 2384 etism
1124 2341 1203 2405 εργιμ
1224 2341 1306 2403 μαρ-

247 2422 348 2502 τορεῒν
376 2417 496 2504 aliquis
527 2415 669 2501 dicitur,
702 2417 744 2482 de
764 2439 828 2506 quo
856 2417 927 2486 vid.
956 2418 997 2486 ad
1029 2442 1080 2487 or.
1104 2418 1145 2484 de
1166 2419 1304 2544 Menecl-

110 2559 113 2566 ·
246 2518 455 2647 her..538.

261 2620 369 2712 5.
390 2620 444 2688 78.
476 2619 555 2706 πρὸς
580 2644 650 2685 οπο
640 2627 687 2685 αν
714 2615 849 2705 ἀρχοντα
874 2618 998 2686 ἀπέλιπε
1016 2657 1071 2689 -.
1091 2619 1236 2689 Brevins
1257 2619 1306 2688 di·
1366 2603 1368 2614 ¹

247 2657 337 2788 etum
356 2743 418 2810 pro
447 2743 486 2787 eo
509 2721 595 2809 quod
617 2736 664 2787 est
685 2720 770 2809 apud
791 2712 1048 2790 Demosthenem
1068 2722 1103 2790 in
1126 2718 1306 2790 Oretani

225 2822 363 2913 ·p.868,
380 2820 432 2888 17.
454 2820 534 2906 πρὸς
552 2818 658 2888 ὁποῖον
678 2819 814 2907 ἀρχοντα
836 2819 1036 2908 ἀπεγράψατο
1056 2823 1112 2907 τὴν
1132 2821 1306 2906 ἀπόλειψιν.

246 2922 303 2991 Ad
335 2922 525 2990 archontem
551 2922 664 3006 enim,
692 2937 724 2988 et
745 2922 874 3010 quidem
901 2925 942 2990 ab
969 2925 1041 3014 ipsa
1062 2925 1222 3010 muliere,
1252 2926 1307 2991 de·

245 3022 421 3090 ferendum
449 3038 520 3090 erat
547 3021 582 3088 τά
613 3027 670 3106 τῆς
697 3021 886 3106 ἀπολείψεως
905 3015 1058 3111 γράμμα,
1093 3041 1131 3092 ut
1157 3026 1204 3093 ait
1225 3026 1307 3095 Plu·

246 3124 352 3193 tarch.
382 3124 445 3192 vit.
473 3121 586 3192 Alcih.
615 3147 688 3213 cap.
716 3125 750 3194 8.
811 3123 965 3194 ceterum
990 3127 1034 3197 ef.
1064 3126 1105 3194 de
1131 3127 1205 3197 ord.
1237 3126 1306 3216 jud.

246 3249 281 3320 p.
270 3223 378 3297 ..414
400 3238 433 3291 et
453 3224 609 3313 eupre5.
633 3229 676 3292 8.

242 3341 244 3346 '
330 3325 501 3408 ἐκομίσατο
515 3324 589 3394 scil.
611 3315 718 3408 οὗτος,
745 3324 972 3450 ὅΝικώάημος.

329 3426 367 3518 5.
389 3425 443 3491 79.
465 3427 533 3512 περὶ
552 3431 608 3510 τῆς
627 3436 692 3503 τοῖς
712 3421 866 3514 φράτορσι
885 3429 1046 3556 γαμηλίοις.
1087 3429 1191 3498 Plane
1211 3426 1306 3497 timi-

245 3528 324 3596 iiter
343 3525 495 3615 Euripid.
526 3523 637 3618 lphig.
659 3529 766 3596 Taur.
792 3553 828 3597 v.
850 3531 931 3600 3872
965 3529 1006 3595 τά
1031 3527 1192 3597 Ταντάλου
1216 3532 1306 3597 ’θεοί-

246 3651 296 3696 σιν
321 3624 504 3711 ἑστιάματα.
546 3628 887 3724 Demosth.01ynth.
915 3630 935 3700 l
964 3657 997 3721 p.
1020 3633 1072 3716 15,
1093 3629 1153 3700 242
1190 3631 1231 3696 τά
1252 3635 1307 3716 τῆς

135 3786 141 3795 ,
216 3791 218 3797 2
247 3733 366 3814 τροφῆς
384 3737 450 3805 τοῖς
464 3731 567 3806 ξένοις.
587 3733 628 3798 ci.
642 3733 688 3799 id.
703 3732 741 3800 in
752 3732 894 3800 Nicostr.
916 3757 950 3821 p.
971 3732 1305 3824 1255‚16.Thu0yd.

246 3831 279 3914 1,
299 3831 331 3896 5.
348 3827 527 3901 'De'mosth
542 3832 687 3922 Olynth.
705 3833 755 3898 lll
776 3858 810 3922 p.
826 3831 881 3918 34,
903 3835 963 3902 1οι
995 3829 1104 3918 ἐφόδια
1124 3842 1189 3908 τοῖς
1209 3855 1306 3917 στρα·

246 3931 427 4028 σωομένοις.
449 3932 486 3998 in
507 3930 651 4020 Geilipp.
671 3958 703 4022 p.
724 3933 819 4019 1243,
841 3935 902 4005 132
925 3933 1025 4020 διοριά
1045 3940 1083 4022 τῇ
1103 3933 1197 4000 πόλει.
1237 3929 1303 3999 Sed

245 4033 341 4121 plura
369 4032 534 4100 notissimi
563 4055 641 4100 usus
679 4037 831 4125 exempla
861 4059 1038 4126 congerere
1068 4034 1217 4128 putidum
1248 4031 1302 4099 sit.

245 4131 324 4202 vid.
347 4131 505 4201 Matthiae
524 4132 676 4204 Grumm.
698 4160 733 4227 p.
754 4135 829 4212 715.
