2846 4832
238 335 305 406 414
599 335 649 408 ut
668 325 947 409 onnulouuot
1398 439 1399 476 1

241 521 438 576 testamto
456 506 646 597 adoptetur,
675 531 708 575 ιι
697 505 822 574 nulia
834 523 910 574 ante
922 471 1027 597 patris
1047 501 1197 600 adoptivi
1216 535 1305 582 mor·

239 625 307 676 tem
328 631 404 676 cum
424 608 488 674 hoc
503 623 552 674 est
572 628 742 675 sacrorum
763 608 953 675 commuuio
970 605 1197 708 ejusmodi,·’
1183 637 1223 679 ιιι
1243 637 1303 702 qua

238 725 350 801 postea
377 707 549 829 phratores
578 722 610 774 et
631 707 811 795 gentiles
798 708 955 798 inhujus
981 691 1400 804 loctimsuccedout31

239 811 330 880 sed
318 833 406 928 rusa,
441 833 498 896 qus
488 809 689 899 adoptatus
711 824 781 894 ιιι,1
813 809 954 877 simulac
975 811 1191 881 hereditatem
1213 839 1303 884 aoce-
1399 823 1400 914 1

227 911 345 1004 uit,
332 935 370 978 an
389 931 483 977 sacre
502 910 606 1001 patria
627 909 775 1000 adoptivi
801 910 939 996 transit,
966 909 1139 1001 ideoque
1126 937 1164 980 ιιι
1184 915 1304 984 horum
1344 971 1348 982 .
1399 919 1400 972 1

239 1011 470 1080 communione
496 1035 571 1078 cum
592 1011 802 1102 phratoribua
823 1035 861 1078 ao
882 1011 1062 1098 gentilibus
1080 1013 1174 1082 iliius
1194 1018 1304 1086 locum
1344 1005 1348 1019 ¹

238 1114 376 1194 obtinet.
420 1107 507 1197 ‘leod
533 1127 642 1180 autem
671 1126 705 1179 et
737 1110 807 1178 doto
833 1111 1022 1197 significent
1049 1115 1162 1182 omnia
1190 1117 1303 1186 diviua

239 1216 466 1303 humanaque,
502 1213 540 1281 in
566 1236 650 1303 quae
677 1199 827 1282 testatori
856 1215 953 1281 heres
980 1215 1145 1300 succedit,
1177 1231 1210 1284 et
1242 1219 1304 1286 hoc

237 1316 371 1406 quidem
391 1317 466 1382 loco
486 1337 546 1400 ea,
581 1338 664 1404 quae
690 1337 767 1380 oum
787 1313 1012 1404 phratriarum
1031 1317 1246 1406 gentiumque
1267 1343 1303 1386 ac
1400 1377 1401 1386 ,

237 1417 471 1504 cognationum
491 1416 565 1501 jure
586 1413 758 1506 conjuncta
779 1429 867 1482 suut.
910 1413 1009 1484 coni.
1026 1415 1176 1486 Platuer.
1200 1417 1304 1513 Sym·
1399 1401 1401 1434 ¹

237 1521 306 1588 bol.
328 1541 362 1607 p.
385 1517 459 1584 115.
482 1515 716 1585 Waciasmuth.
736 1515 875 1604 Antiqu.
897 1515 989 1585 Hall.
1009 1515 1057 1604 II,
1080 1519 1212 1610 11³·3·

321 1615 418 1703 νόμον
447 1641 481 1704 γε
501 1616 591 1694 ὄντος
611 1618 719 1696 ἐξεῖναι
740 1615 803 1707 ὅτῳ
822 1614 967 1702 βούλοιτο
988 1619 1098 1685 δοῦναι
1116 1618 1158 1685 τὰ
1180 1624 1302 1690 ἑαυτοῦ.

237 1715 372 1791 Poterat
401 1720 501 1788 otiam
522 1734 579 1786 aut
604 1717 669 1808 ὅτῳ
687 1716 832 1800 βούλεται
851 1733 908 1788 aut
928 1715 992 1808 ὅτῳ
1012 1717 1052 1785 ἂν
1070 1717 1241 1806 βούληται,
1267 1741 1303 1790 ut

238 1846 289 1890 or.
306 1823 361 1888 ·de
381 1819 568 1910 Aristaroh.
598 1819 671 1888 her.
694 1820 732 1908 d.
754 1823 794 1887 2:
832 1816 850 1886 ὅ
872 1814 968 1903 νόμος
993 1818 1102 1886 κελεύει
1127 1821 1169 1888 τὰ
1191 1819 1303 1890 ἑαυτοῦ

237 1923 410 1996 doceto-‘iar
431 1919 554 2009 drudo
574 1920 680 2008 ἐθέλῃ.
721 1935 754 1988 et
775 1921 858 1988 alias
876 1920 1086 2011 saepissime,
1116 1945 1225 2012 nequa
1247 1925 1302 1993 de·

237 2039 335 2094 erunt
353 2025 491 2102 fortuma
505 2022 562 2109 qui
581 2021 628 2090 ita
650 2022 800 2089 debuisse
821 2021 923 2090 scribi
944 2036 1109 2090 censeant.
1150 2025 1201 2092 At
1219 2020 1300 2095 uero

238 2123 376 2217 optativi
396 2125 458 2190 hoo
483 2125 558 2191 loco
584 2146 655 2192 nou
675 2122 805 2192 diverse
833 2137 883 2191 est
903 2122 988 2190 ratio
1009 2125 1051 2190 ab
1071 2146 1110 2194 ea
1130 2147 1231 2215 quom
1252 2143 1300 2195 at·

237 2227 301 2316 tigi
321 2225 361 2293 ad
389 2248 440 2293 or.
463 2225 504 2292 de
523 2223 652 2316 Pyrrhi
679 2225 751 2292 her.
783 2225 821 2313 ἦ.
842 2222 898 2309 21,
925 2238 962 2291 ut
984 2223 1153 2314 significet
1171 2251 1300 2316 corun,

237 2328 294 2417 qui
315 2327 397 2396 olim
423 2327 483 2394 has
509 2327 601 2410 leges
627 2329 827 2412 sanxerunt,
862 2323 1112 2413 cogitationem,
1143 2330 1300 2416 quemad·

235 2431 370 2498 modum
393 2443 426 2496 et
442 2429 498 2494 ivo
517 2441 591 2519 post
603 2440 750 2517 tempora
758 2427 945 2517 praesentia
958 2451 1034 2494 cum
1054 2429 1200 2521 optativo
1221 2455 1298 2499 con·

236 2531 321 2600 strui
346 2530 510 2615 vidimus,
537 2543 569 2595 st
594 2525 650 2594 lde
676 2528 877 2596 construitur
905 2527 942 2594 in
967 2551 1021 2598 or.
1051 2529 1092 2598 da
1111 2531 1296 2600 Aristoteli.
1403 2521 1404 2588 ἶ

236 2631 454 2722 her.§.1dt
488 2625 599 2696 κελεύει
628 2627 691 2716 γὰρ
719 2625 853 2713 ονὸμος
873 2627 931 2694 ote
948 2624 1078 2707 ταυταις·
1097 2628 1203 2719 κόριον
1222 2630 1298 2710 εἶναι

236 2737 367 2819 δοῦναι,
395 2728 450 2798 iaie
478 2755 525 2821 τῳ
550 2727 710 2814 βούλοιτο,
744 2727 831 2797 rd‘
816 2735 940 2799 εαυτοῦ.
987 2717 1061 2800 Sed
1081 2733 1231 2803 diversos
1250 2751 1298 2803 est

235 2838 329 2905 locus
354 2832 589 2924 Xenophontio
617 2833 659 2900 ds
688 2832 831 2922 vectigg.
861 2833 895 2919 5,
924 2833 982 2903 12.
1023 2828 1172 2920 γνώσεται
1202 2835 1296 2901 δέ-

236 2938 299 3003 ior!
320 2969 364 2988 -·
383 2931 486 3020 ελρῆνη
507 2932 588 2999 κατὰ
609 2921 774 3000 deidonus
793 2934 966 3020 γεγένηται,
996 2933 1169 3020 ηυξημένας
1188 2961 1222 3002 τε
1240 2935 1297 3016 τὰς
1402 3005 1404 3018 .

236 3033 413 3124 προσόδους
431 3029 633 3112 audacitate
650 3033 719 3112 ἐξὸν
730 3043 797 3112 τοῖς
815 3036 955 3111 πολίταις
971 3041 1113 3122 χρῆσθαι
1134 3035 1153 3104 ὅ
1172 3062 1203 3104 τι
1221 3035 1297 3121 βωλ-

235 3143 354 3219 tauro,
381 3133 443 3203 ubi
462 3149 550 3222 recto
570 3135 610 3204 L.
631 3136 825 3204 Diodorfius
851 3133 1018 3216 βούλονται
1038 3139 1177 3206 rescribi
1196 3141 1294 3232 jubet

277 3317 283 3330 .
319 3238 357 3329 ᾗ.
381 3236 435 3306 14.
456 3236 510 3304 De
529 3238 810 3325 expeditionibus,
838 3262 977 3327 qnorum
998 3239 1034 3308 Ιι.
1055 3239 1082 3310 1.
1103 3242 1228 3311 mentio
1247 3245 1295 3328 fit,

235 3342 421 3410 dictumest
437 3341 475 3406 in
487 3340 667 3430 prooemio.
677 3376 720 3391 -
735 3340 777 3409 In
789 3329 1013 3409 constituenda
1029 3355 1140 3409 sutem
1154 3343 1297 3411 lectione

235 3458 369 3512 eotenus
394 3456 481 3508 certe
500 3442 615 3534 putavi
641 3442 805 3510 librorum
831 3441 1057 3509 auctoritatem
1083 3443 1296 3512 deserendam

235 3569 317 3628 esse,
348 3560 385 3611 ut
405 3541 475 3610 ὅποι
490 3543 667 3612 scriberem
683 3539 744 3635 pro
757 3541 866 3624 duco,'
879 3543 959 3623 licet
976 3544 1039 3611 hoc
1049 3555 1177 3634 quoquo
1190 3545 1296 3613 Bern-

166 3669 172 3682 ‘
234 3641 371 3728 iiardius
391 3658 522 3712 tueatur
542 3641 685 3736 Syutax.
707 3670 741 3736 p.
763 3647 838 3713 35⁰.
859 3645 918 3714 sed
936 3645 1098 3735 exemplis
1117 3671 1197 3716 usus
1217 3646 1296 3716 huic

235 3763 349 3816 nostro
368 3749 441 3814 loco
463 3770 531 3814 nou
551 3746 649 3837 plane
669 3745 845 3822 similibus.
893 3745 980 3812 Mihi
1000 3745 1133 3834 quidem
1152 3739 1297 3834 συλλεγό-

233 3876 327 3935 μενον
354 3849 467 3937 utiquo
487 3871 562 3914 cum
591 3839 662 3913 dnos
682 3846 949 3940 conjungendum
968 3846 1118 3934 videtur,
1148 3851 1297 3939 quaudo-

234 3952 366 4040 quidem
379 3951 419 4018 de
432 3947 632 4016 exercitibus
640 3963 808 4038 'oratorem
823 3948 915 4038 loqui
935 3949 1097 4038 arbitror,
1118 3954 1177 4039 qui
1189 3953 1297 4020 Atiae-

233 4053 286 4122 nis
307 4051 592 4122 conscriberentur
607 4049 645 4118 iu
665 4051 748 4119 alies
762 4066 866 4119 terroe
886 4051 1077 4141 producturi.
1117 4049 1296 4141 Ἅπανταχῇ

234 4169 343 4223 autem
379 4169 457 4244 pro·
481 4147 663 4236 (λιιαντιιχοῖΧ
691 4151 876 4239 neminem,
906 4166 1009 4240 puto,
1046 4155 1191 4224 offendet
1219 4179 1297 4222 cum

233 4251 381 4341 ἀπεδήμει
400 4251 629 4344 conjunctum,
655 4253 735 4322 licet
754 4252 866 4320 ἄλλοσε
885 4255 1069 4344 praecedat.
1111 4255 1188 4356 Hoc
1205 4257 1295 4326 enim
