2846 4832
95 283 99 290 ‘
213 299 278 368 ωε
368 343 380 408 .·
476 283 494 394 s
568 237 918 367 monarrouun'

212 467 389 536 Meliorem
403 479 512 533 autem
528 449 796 532 ¹lormomxoretlo
817 466 955 532 alteram
971 465 1161 552 Πυθιαστὴς
1181 491 1201 536 a
1223 493 1282 533 πσ-

212 566 335 651 θιάζω,
362 567 448 655 quod
471 583 502 634 et
523 566 632 658 ipsum
654 563 855 656 aStephnuo
876 567 1030 650 affectum
1060 568 1283 658 similiterque

213 671 313 738 etiam
340 663 522 754 Δηλιαστὰς
553 668 656 735 dictos
682 691 752 737 canc
781 667 949 736 novimus.
1002 667 1161 738 Getarum
1176 671 1280 738 conf.

165 811 167 818 ι
215 773 314 838 ctiam
336 769 490 838 Mueller.
512 768 599 836 Dor.
620 767 693 858 lp.
715 773 791 839 289.

299 870 338 937 ἄν
358 868 509 937 uniunt
529 867 677 956 πρότερον
698 908 750 936 -.
772 869 965 939 Nonacrim
986 870 1140 960 equidem
1160 871 1281 963 opteti-

213 1000 294 1046 vnm
314 987 500 1064 permutare
512 996 587 1038 cum
602 970 812 1063 conjunctivo
832 972 944 1040 intuli
960 974 1281 1063 praesertimenuu·

214 1076 375 1159 ciatione,
404 1097 486 1163 quoe
513 1098 588 1158 nou
606 1075 714 1140 nolum
743 1067 920 1163 praeterito
941 1075 1082 1164 tempori
1102 1072 1279 1142 διεκελεύετο

214 1176 387 1267 subjuncta
408 1190 478 1254 eat,
506 1174 563 1241 sed
584 1173 686 1240 etiam
705 1197 779 1241 rem
800 1175 965 1262 eloquitur
984 1199 1058 1242 non
1074 1183 1157 1263 qna'e
1179 1175 1280 1266 cxpe-

214 1295 321 1346 ctetur
340 1293 372 1344 et
392 1277 546 1343 cretlatur
565 1275 676 1342 futura
694 1299 781 1359 eone,
804 1277 860 1342 sed
881 1291 1021 1366 ponatur
1041 1279 1302 1364 tantummodo*

213 1396 251 1448 ut
271 1403 355 1468 quae
375 1379 467 1462 lieri,
501 1377 531 1445 si
553 1401 647 1444 canus
667 1376 715 1445 ita
736 1376 868 1460 tulerit,
895 1379 1034 1445 έσιισιεσ
1056 1380 1171 1467 possit.
1212 1380 1281 1447 Mi·

214 1507 278 1550 nus
309 1483 487 1567 obloquor,
523 1478 553 1546 si
585 1479 658 1566 quio
686 1479 772 1568 aprld
795 1479 1030 1571 Thucydidem
1051 1479 1150 1565 Vffl,
1178 1485 1228 1547 27.
1243 1481 1280 1548 iu

215 1583 288 1652 his:
323 1583 435 1649 ἔκέλιιιε
456 1621 498 1632 -
518 1579 593 1656 τοὺς
617 1579 778 1660 ἐπίπλους,
806 1578 853 1664 ἢν
875 1607 936 1646 που
963 1579 1155 1668 καιρὸς-εἴη,
1161 1619 1164 1628 ,
1185 1591 1280 1649 ποιεῖ-

215 1692 313 1764 σθαι,
343 1682 589 1772 conjunctivum
610 1677 631 1769 ᾖ
652 1707 695 1749 cx
712 1705 779 1749 uuo
801 1680 1080 1749 codiceVatlcano
1103 1709 1178 1750 cum
1188 1683 1280 1750 Bek-

215 1787 298 1853 kero
325 1784 499 1851 contendat
515 1777 803 1873 recipiendum
777 1807 865 1865 esse,
893 1806 1101 1886 quamquam
1120 1782 1178 1886 Ιιίρ
1199 1809 1280 1875 quo·

164 1937 188 1954 -.
215 1913 295 1977 que,
330 1909 430 1988 quum
459 1883 495 1951 in
518 1885 664 2002 pptativo
690 1884 812 1972 reliqui
833 1908 947 1953 omues
968 1857 1194 1971 consentiant,
1220 1911 1279 1957 ve·

214 1989 356 2055 rendum
384 2011 427 2053 ne
454 1985 683 2072 conjunctivus
714 2011 733 2052 a
764 2001 946 2054 correctore
981 1989 1146 2076 profectus
1171 1989 1280 2057 videri

167 2137 170 2142 ,
216 2091 344 2156 debeat.
395 2087 438 2155 Et
459 2088 638 2153 defendunt
665 2086 849 2177 optativum
868 2102 941 2177 poet
969 2084 1023 2168 ipio
1050 2089 1149 2156 ctiam
1166 2089 1280 2180 Poppo

164 2227 168 2242 ·
215 2191 375 2278 Prolegg.
403 2188 444 2254 ad
468 2187 625 2279 Thucyd.
648 2189 724 2278 lp.
748 2187 821 2258 144.
852 2203 885 2257 et
912 2188 1097 2260 Hermann
1119 2214 1255 2312 opusc..
1263 2189 1281 2258 l

215 2318 249 2383 p.
272 2293 347 2359 282.
370 2291 411 2357 ad
435 2289 551 2379 Vigor.
573 2315 607 2380 p.
597 2291 713 2358 ..822
1012 2353 1016 2360 .

220 2437 224 2444 -
300 2393 352 2459 καὶ
379 2391 423 2478 μὴ
452 2390 495 2469 ὥς
522 2391 625 2468 ἄλλως
654 2389 813 2476 ποιήσωσι.
867 2389 976 2477 Satis,
1013 2392 1150 2484 opinor,
1182 2353 1282 2486 liujus

216 2519 344 2622 qnoque
363 2493 550 2562 lectionis
539 2494 759 2590 integritatem
780 2507 891 2560 tuctur
915 2495 1036 2562 similis
1057 2497 1117 2562 illa
1137 2497 1281 2563 formula

162 2631 165 2636 ·
216 2595 259 2674 ὡς
280 2595 390 2682 ἑτέρως
411 2597 496 2687 opud
518 2596 693 2668 Dementia.
722 2596 762 2662 tle
783 2618 895 2663 coron.
918 2622 951 2687 p.
973 2595 1049 2682 254,
1071 2599 1107 2664 7.
1128 2599 1203 2681 298,
1224 2598 1280 2665 21.

215 2700 348 2768 Platon.
363 2699 516 2790 ‘Phaedn
544 2724 578 2788 p.
600 2700 674 2766 276.
698 2697 737 2766 (l.
767 2695 878 2765 Strab.
900 2696 931 2782 1,
951 2702 974 2764 2
999 2723 1032 2788 p.
1053 2697 1098 2766 49
1125 2698 1281 2776 Teuqhn.

217 2801 317 2870 cont.
339 2799 449 2869 Koen.
477 2801 518 2866 ad
541 2800 682 2888 Gregor.
711 2825 745 2889 p.
767 2801 821 2865 76.
864 2799 904 2866 Ιιι
926 2800 994 2886 ΙιιιιΙ
1015 2800 1158 2868 lormula
1180 2811 1283 2887 quoni

137 2932 140 2949 ι
216 2900 449 2980 ricohundem
469 2901 640 2969 videretur
659 2901 855 2970 Heinilorfio
876 2902 916 2970 ud
939 2900 1024 2967 Plnt.
1041 2901 1184 2968 Phaedr.
1207 2904 1233 2974 l.
1255 2903 1281 2970 l.

120 3069 124 3074 .
217 3006 356 3093 aliisque
381 3001 514 3086 multis,
547 3003 656 3071 extitit
683 3027 809 3092 nuper,
842 3003 898 3089 qui
919 3003 1002 3068 illud
1026 3002 1157 3070 unicui
1178 3003 1284 3071 instar

216 3132 286 3175 osae
316 3107 456 3189 diceret,
485 3103 600 3170 itidem
630 3105 730 3172 utin
757 3100 915 3180 ὡσαύτως.
958 3105 1006 3170 At
1025 3128 1106 3173 vero
1134 3101 1284 3182 ὡσαύτως

215 3209 436 3276 Buttmannno
462 3205 575 3273 Lexil.
607 3206 624 3274 l
650 3232 695 3296 p.
706 3205 748 3273 41
777 3221 865 3272 recte
895 3203 1007 3273 docrtit
1032 3221 1198 3275 exortum-
1213 3231 1284 3276 esse

216 3335 262 3378 ox
282 3309 325 3387 ὣς
347 3306 506 3384 σῦτῶςΙι.
524 3331 553 3376 e.
577 3307 676 3384 οὕτως
696 3306 819 3384 αὐτῶς.
848 3305 943 3374 aetl‘
921 3333 963 3384 ως
984 3304 1095 3396 ἑτέρως
1110 3332 1284 3399 nouposoc
1315 3389 1317 3396 Ι

110 3451 115 3462 ,
216 3437 277 3503 pro
299 3411 399 3486 οὕτως
420 3409 531 3494 ἑτέρως
561 3411 665 3510 accipi
686 3425 759 3480 ιιι
754 3402 830 3500 ipsa
853 3409 956 3478 docet.
1000 3409 1097 3476 Mihi
1108 3410 1185 3476 Ιιοσ.
1192 3435 1285 3478 com·

215 3513 401 3602 parandum
420 3511 553 3580 videtur
580 3538 656 3580 cum
684 3510 772 3579 ὅσον
779 3503 968 3678 σσέρσντσν,
1001 3505 1112 3605 σΐσς”
1092 3535 1232 3597 ιμσιιρσς
1251 3527 1285 3578 σι

200 3613 395 3682 similibus.
457 3613 543 3682 Nam
574 3615 659 3683 sicut
689 3613 766 3682 ὅσον
795 3612 838 3680 ein
839 3613 975 3699 inance
996 3597 1209 3680 Hermaunus
1241 3613 1283 3680 ad

216 3715 390 3805 Aristoph.
409 3714 523 3788 Nubb.
554 3743 587 3785 v.
612 3719 630 3784 1
660 3741 738 3785 vore
761 3716 863 3783 docet:
885 3710 1203 3804 accipiendumesse
1223 3738 1284 3804 pro

215 3813 327 3897 τόσον,
349 3815 423 3884 ὅσον
444 3817 649 3944 ἀπέραντσν,
659 3817 706 3884 ita
728 3818 828 3885 etiam
849 3814 893 3893 ὡς
913 3813 1023 3903 ἑτέρως
1042 3816 1187 3912 proprie
1196 3816 1284 3884 nihil

217 3920 306 3986 aliud
329 3935 377 3988 est
397 3920 462 3988 nisi
484 3945 599 4000 ουτως,
627 3917 671 3996 ὡς
692 3916 824 4016 ἑτέρωςζ·
998 3975 1002 3984 .

301 4024 337 4110 ᾖ.
353 4024 408 4090 28.
441 4021 519 4088 ἐτ’
500 4026 719 4109 αρχαιρεσέμως
762 4019 975 4110 singularem
1006 3975 1107 4110 hujus
1130 4019 1286 4094 vocabuli

215 4125 406 4215 improbant
429 4124 615 4192 Atticiatae.
671 4122 752 4190 vid.
782 4122 875 4194 Lex.
895 4119 1035 4209 Sequor.
1064 4147 1110 4211 p
1088 4119 1202 4207 44,9
1216 4124 1283 4192 29.

216 4227 339 4296 Moeris
362 4253 396 4318 p.
422 4227 475 4294 tu.
539 4226 687 4296 Fuerunt
701 4238 824 4294 autem
848 4226 928 4310 hoo,
959 4225 1000 4293 de
1025 4223 1153 4325 quibus*
1174 4236 1286 4300 orator
