2910 4830
169 326 221 396 ιιι
234 295 377 396 oran.
399 324 463 395 nu
477 323 791 396 orciuocnurs
808 325 1126 405 rmanmrara.
1167 333 1234 400 aaa
1274 303 1278 310 ’

168 511 263 593 trum
284 495 423 564 illorum
450 508 738 582 testamentorum,
766 496 807 585 de
836 496 954 584 quibus
980 521 1079 588 supra
1108 491 1236 570 dictum⁴

168 612 235 680 est,
249 623 252 630 ·
268 597 410 688 emplius
435 596 548 664 valere
569 610 696 686 posset,
728 621 828 683 quum
853 598 946 687 prius
966 599 1071 682 illud,
1103 601 1188 687 quod
1209 625 1231 670 a

164 698 327 766 Proxeno'
351 698 518 789 prolatum
526 721 530 725 ·’
547 698 655 763 suerat
661 741 675 776 ,
714 699 755 763 ab
783 697 855 786 ipso
883 696 1092 788 Dicaeogene
1118 701 1232 791 impu·

163 814 304 887 gnatum
326 817 358 865 et
377 798 525 890 judicum
546 797 705 885 sententia
726 797 859 864 irritum
875 799 998 865 factum
1020 815 1115 891 esset,
1146 805 1230 870 alte·

163 925 250 992 rum
263 915 389 984 autem,
421 899 506 985 qnod
529 879 753 987 Dicaeogenes
780 900 977 987 protulerat,
1009 900 1156 994 Lyconis
1178 917 1229 969 te·

163 989 321 1069 stimonio
349 989 596 1082 confirmatum,
631 1013 712 1066 teste
733 999 887 1065 damnato
917 1014 949 1066 et
967 1000 1077 1091 ipsum
1105 1004 1229 1084 falsum

161 1099 272 1170 videri
294 1103 441 1185 deberet,
475 1101 614 1187 ideoque
640 1098 883 1187 Dicaeogenem
912 1124 981 1166 uon
1002 1102 1143 1194 amplius
1163 1128 1227 1193 pro
1367 1157 1370 1165 ,

161 1202 318 1294 adoptivo
329 1203 452 1299 peteris
463 1201 555 1268 illius
573 1200 791 1288 Dicaeogenis
804 1199 875 1269 filio
887 1200 1096 1285 habendum,
1117 1204 1228 1286 omni-q

161 1311 246 1392 sque
261 1305 359 1394 hujus
377 1305 463 1370 bona
479 1303 519 1368 ad
530 1325 672 1384 sorores,
693 1324 768 1390 suaa
784 1317 918 1385 matres,
933 1302 1227 1392 cognationisjore
1359 1305 1362 1314 “

160 1407 271 1473 delate
285 1429 371 1473 esse:
403 1406 468 1471 hoc
481 1403 534 1470 illi
548 1416 734 1492 reputantes
756 1402 797 1468 de
817 1400 909 1468 omni
931 1399 1110 1470 hereditate
1131 1403 1227 1472 litem

158 1505 365 1593 Dicaeogeni
387 1504 575 1572 intendunt.
644 1501 711 1590 Hic
742 1503 968 1589 διαμαρτυρίαν
998 1503 1132 1594 opponit
1164 1529 1226 1595 per

157 1607 384 1675 Leocharems
420 1611 487 1672 no'n
507 1627 602 1695 posse
629 1602 845 1671 hereditatem
872 1604 914 1670 ab
935 1603 977 1670 iis
998 1604 1088 1694 peti,
1121 1630 1225 1692 quum
1253 1655 1264 1696 .·

156 1711 248 1776 filius
269 1723 357 1777 extet
374 1707 519 1775 defuncti
534 1705 722 1796 adoptivus.
763 1704 961 1795 impugnant
980 1705 1067 1772 hanc
1087 1707 1224 1794 διαμαρ-
1223 1771 1226 1780 ,

155 1810 267 1893 coplas
287 1808 476 1877 consobrini
485 1853 498 1888 ,
524 1807 664 1892 falsique
683 1799 870 1872 testimonii
883 1805 1097 1873 Leocharem
1107 1822 1222 1897 postu·
1223 1877 1226 1882 ,

154 1909 390 1980 lunulam
378 1935 415 1976 ιιι
436 1910 501 1975 hoc
525 1907 620 1974 falsi
624 1906 805 1973 testimonii
823 1905 968 1999 judicio,
997 1930 1098 1994 quum
1118 1931 1221 1998 appe·
1223 1969 1226 1986 ,

154 2027 245 2079 reret
274 2011 478 2078 Leocharem
498 2007 736 2075 damnatum
724 2007 790 2091 tri,
831 2007 1097 2094 Dicaeogenes
1085 2005 1222 2098 ipseque

84 2107 88 2114 ’
152 2093 341 2179 Leochares
368 2112 481 2179 multis
501 2111 653 2200 precibus
673 2108 806 2193 tandem
832 2107 873 2174 ab
894 2109 1125 2176 adversariis
1112 2135 1219 2202 ampe-

55 2295 59 2301 .
152 2229 306 2299 trarunt,
333 2228 372 2280 ut
391 2212 557 2299 suffragiis
578 2210 726 2303 judicum
746 2233 813 2275 non
834 2208 1050 2278 dinumeratis
1070 2210 1218 2300 pacisce·

151 2330 271 2382 rentur
297 2338 407 2382 secum
434 2313 487 2380 his
515 2311 780 2379 condicionibus.
814 2310 970 2378 retineret
990 2310 1218 2400 Dicaeogenes
1322 2337 1325 2340 ·

150 2416 310 2482 trientem
322 2437 454 2499 suum,
481 2416 608 2500 reliqua
629 2410 825 2480 adversariis
845 2411 996 2484 redderet
1017 2410 1223 2499 ἅναμφισβῆ-,

149 2540 233 2601 tque
254 2517 289 2583 h.
303 2541 333 2584 e.
354 2517 461 2583 libera
474 2531 513 2582 et·
525 2521 628 2582 vacua
643 2514 791 2600 nullique
811 2511 954 2588 aliorum
973 2516 1216 2583 'coutroversiae

150 2617 310 2685 obnoxia.
335 2659 338 2670 ·
363 2617 473 2709 Hujus
501 2615 662 2706 pactionis
688 2614 894 2704 fidejussores
919 2615 1003 2680 fiunt
1028 2613 1215 2684 Leochares

149 2719 485 2810 otMueaiptolemus.
531 2719 662 2790 Tamen
683 2740 786 2802 neque
806 2714 1030 2802 Dicaeogeues
1050 2716 1216 2804 praestitit

148 2841 233 2908 qnae
249 2823 464 2910 promiserat,
486 2834 519 2885 et
541 2819 726 2886 Leochares
747 2817 822 2884 talis
844 2814 881 2884 se
899 2816 1059 2906 pactionis
1078 2817 1214 2907 fidejus-

147 2943 258 2988 sorem
278 2922 401 2987 sactum
422 2943 491 2987 esse
512 2919 656 3006 negarit.
711 2917 822 2987 Hanc-1
834 2919 883 2984 ob·
897 2939 1029 2984 causam
1048 2907 1225 2986 Leoc'hari¹

147 3023 312 3088 actionem
332 3046 376 3088 ex
396 3022 570 3110 stipulatu,
587 3016 679 3104 δίκην
699 3016 815 3104 ἐγγύης,
836 3018 1020 3088 intendunt.
1068 3016 1217 3106 (laruam¹

147 3122 218 3208 egit
235 3146 321 3189 unus
342 3145 361 3188 e
383 3123 606 3207 consobrinis,
633 3121 785 3212 Polyarti
804 3120 906 3188 filius.
1021 3159 1024 3168 ,
1307 3131 1308 3136 ’

233 3213 362 3290 Statum
378 3239 511 3313 apparet
525 3247 595 3290 esse
611 3223 875 3316 conjecturalem.
907 3195 1099 3308 Quaeritur
1118 3221 1215 3318 enim¹

148 3324 279 3413 pectine
309 3325 375 3391 sint
402 3324 487 3412 quod
517 3337 608 3391 ector
628 3338 809 3407 asseverat,
845 3322 977 3414 ejusque
1003 3347 1053 3389 ret
1043 3322 1208 3412 fidejus-

64 3419 68 3438 ’
145 3447 204 3490 sor
222 3427 327 3493 factos
358 3425 402 3493 sit
421 3423 626 3511 Leochares,
660 3449 721 3493 nec
742 3448 796 3492 ne.
837 3424 947 3512 Atque
972 3424 1053 3492 haec
1075 3424 1208 3512 quidem

12 3568 20 3578 .
145 3527 292 3610 quaestio
314 3517 447 3620 hrevius
468 3541 636 3595 tractator.
678 3529 765 3595 Nam
792 3539 922 3615 pactum
942 3525 1044 3592 fuisse
1062 3524 1213 3594 Dicaeo-v
1305 3563 1313 3580 ·

142 3649 263 3714 penem
278 3628 319 3694 de
331 3628 497 3694 reddendo
513 3628 705 3698 hereditatis
718 3631 831 3712 hesse,
851 3617 1076 3718 fidejussorem
1097 3621 1207 3702 autem¹

140 3727 265 3794 factum
281 3728 484 3797 Leocharem
497 3731 633 3810 testibus
645 3729 811 3820 productis
823 3730 1075 3796 demonstratur.
1106 3727 1205 3814 Quod

140 3845 251 3897 autem
266 3855 268 3861 ’
283 3833 483 3899 contendunt
513 3831 695 3900 adversarii
722 3833 845 3914 sactum
865 3855 884 3897 e
905 3855 940 3898 se
961 3829 1047 3916 quod
1067 3829 1140 3896 fieri
1161 3853 1206 3896 ex

138 3946 235 4020 pecto
263 3933 462 4023 oportuerit,
492 3933 687 4002 brevissimo
713 3932 761 3998 ita
782 3923 824 3999 ab'
844 3947 953 3999 actore
980 3929 1203 4016 redarguitur,
1262 3937 1265 3950 ⁴
1293 3965 1296 3982 ι

138 4048 177 4098 ut
197 4033 343 4101 indicem
370 4035 533 4104 bonorum
553 4059 573 4102 o
591 4035 803 4122 Dicaeogene
829 4034 1020 4100 relictorum
1039 4031 1203 4123 judicibus

137 4139 317 4230 proponat,
339 4157 436 4222 quem
456 4134 545 4219 illis,
562 4136 596 4203 'si
615 4159 732 4204 verum
753 4158 823 4202 esse
844 4149 984 4224 negent,
1005 4132 1201 4206 testimoniis
1338 4229 1341 4232 Ι

136 4235 370 4320 refutandum,
398 4235 452 4303 sin
479 4237 590 4305 omnia
618 4261 638 4304 a
668 4261 702 4306 se
723 4236 874 4305 restitute
894 4234 1110 4314 contendant,
1136 4235 1201 4300 hoc
