2846 4832
254 391 318 455 ³7⁰
612 381 661 451 ΙΝ
682 379 961 451 ΟΒΑΤΙΟΝΕΜ

259 533 296 624 nt
324 553 469 636 uideret,
506 575 549 618 ne
575 550 667 638 quis,
709 549 768 636 qni
796 549 892 615 heres
924 545 1064 635 alicuius
1095 546 1201 615 factus
1233 562 1328 631 esset,

260 657 396 723 domum
417 651 563 718 defuncti
583 649 722 718 interire
743 664 921 740 pateretur.
963 648 1112 740 Apparet
1133 664 1244 715 tamen
1264 650 1329 716 boc

260 776 494 844 saepenumero
508 755 694 837 neglectum
714 774 784 818 esse
806 766 876 817 tum
898 775 943 818 ex
960 749 1100 817 oratoris
1122 750 1230 818 nostri
1250 774 1329 818 nar-

260 857 387 924 ratione
408 854 446 941 d.
469 856 525 939 31,
556 870 628 919 tum
650 877 694 919 ex
713 851 776 939 iis,
806 875 890 940 quae
909 850 1152 920 Demosthenes
1181 851 1330 939 queritur

246 973 322 1048 ¹ctu.
343 957 481 1024 Macart.
503 980 537 1044 p.
559 954 645 1021 1077
665 977 714 1041 sq.

346 1064 381 1140 9.
402 1058 457 1125 31.
488 1055 538 1120 dui
560 1055 613 1135 τίς
632 1051 716 1122 ‘Non
743 1053 821 1122 satis
842 1067 936 1121 cante
955 1052 1134 1122 Bekkerue
1158 1056 1244 1122 lraec
1269 1077 1328 1121 ex·

222 1169 224 1178 ’
260 1159 418 1252 punxisse
438 1158 581 1227 videtur.
632 1156 738 1223 Multo
761 1155 849 1224 enim
870 1155 1087 1224 verisimilius
1109 1170 1177 1241 est,
1207 1157 1329 1223 omissa

218 1345 220 1352 Α
262 1275 330 1330 esse
353 1284 413 1351 per
434 1257 598 1329 scribendi
631 1281 811 1354 errorem,
831 1280 929 1345 qnam
949 1257 1168 1325 librariorum
1190 1257 1328 1324 arbitrio

260 1362 397 1430 inserta.
449 1360 516 1427 An
542 1361 627 1428 forte
659 1359 797 1426 offendit
823 1382 879 1425 cos
909 1357 1120 1448 participium
1155 1363 1328 1446 προορῶντι

260 1481 336 1555 post
365 1459 418 1528 διὰ
444 1461 479 1527 τί
502 1461 646 1551 positum
676 1483 737 1550 pro
764 1457 812 1524 du
838 1455 941 1545 ἔῶρα1
979 1457 1052 1526 Vix
1078 1460 1197 1543 cred03
1224 1484 1329 1548 neque

261 1569 325 1633 lroc
352 1563 487 1642 durius,
524 1585 622 1651 quant
650 1575 723 1652 post
750 1558 800 1624 ded
831 1566 922 1626 τοῦτο
949 1560 986 1628 in
1016 1575 1100 1628 orat.
1124 1562 1166 1627 de
1187 1562 1328 1628 Menesi.

261 1668 334 1733 iter.
358 1664 471 1754 §.132
495 1663 545 1728 dccl
558 1668 649 1729 τοῦτο
667 1662 722 1729 τὸν
738 1659 835 1745 νόμον
850 1661 961 1746 ἔθηκεν
973 1661 1081 1742 οὕτως,
1110 1659 1193 1749 ὁρῶν
1213 1665 1329 1729 κτλ.-

262 1766 377 1836 Solent
408 1779 516 1830 antem
538 1788 692 1854 persaepe
714 1779 860 1831 oratores
888 1764 1050 1856 ejusmodi
1070 1763 1329 1850 interrogatiun-
1386 1793 1392 1812 =

175 1895 185 1916 1
261 1869 346 1935 culis
373 1863 553 1954 interjectis
583 1865 789 1957 narrationes
820 1865 886 1955 ipsi
906 1889 980 1932 snas
1002 1865 1237 1956 interpellare,
1265 1889 1328 1952 qno

262 1967 450 2036 attentiores
480 1967 604 2034 faciant
629 1967 755 2057 jndices
777 1967 818 2033 ad
840 1991 901 2053 ea,
930 1991 1012 2054 qnae
1034 1967 1187 2058 deinceps
1208 1967 1329 2033 dicturi

263 2085 350 2137 sunt.
394 2066 447 2135 Gi.
464 2067 504 2134 ad
517 2091 567 2136 or.
588 2069 628 2134 de
645 2066 804 2155 Dicaeog,
821 2069 893 2136 her.
917 2069 955 2158 ἦ.
972 2070 1024 2135 13.
1047 2069 1137 2136 Add.
1152 2067 1327 2138 Demostb.

261 2171 338 2238 adv.
360 2168 551 2260 Aphob.·p.
568 2167 644 2253 848,
668 2172 699 2237 1.
722 2169 797 2249 85⁰,
821 2171 873 2237 13.
896 2185 962 2266 etr..
972 2170 1111 2239 Onetor.
1133 2196 1166 2261 p.
1184 2170 1326 2255 876,17.

262 2271 370 2360 Magis
386 2271 523 2337 offendit
541 2270 740 2361 praepositio
749 2271 788 2337 'in
804 2273 906 2340 verbo
925 2277 1116 2358 προορῶντν,
1145 2296 1246 2360 quum
1261 2295 1327 2338 non

258 2373 450 2461 praevidisse
471 2397 557 2438 nunc
579 2373 707 2464 dicutur
726 2374 965 2463 Apollodorus,
998 2374 1076 2460 quid
1093 2379 1228 2441 'sorores
1249 2374 1327 2439 illae

260 2477 408 2544 facturae
434 2489 562 2560 essent,
593 2476 648 2542 sed
670 2475 792 2544 vidisse
815 2471 892 2562 qnid
919 2474 1086 2542 fecissent.
1129 2476 1242 2562 ltaque
1262 2474 1327 2540 nisi

262 2577 336 2666 quis
364 2580 537 2662 προορῶντι
568 2577 631 2642 hoc
663 2599 762 2644 sensu
789 2575 913 2643 dictum
941 2601 1011 2645 esse
1039 2578 1260 2660 demonstret,
1291 2591 1327 2642 ut

260 2677 425 2766 significet
440 2675 588 2764 πρότερον
602 2674 730 2765 ὁρῶντι,
751 2702 843 2763 φονον
854 2679 930 2765 jam
944 2689 1020 2745 cote
1031 2681 1167 2763 videret,
1189 2677 1224 2744 id
1241 2678 1324 2765 quo'd

261 2780 415 2868 equidem
443 2803 547 2867 neque
578 2804 682 2868 nego,
716 2803 822 2867 neque
853 2798 962 2847 tamen
993 2781 1154 2870 exemplis
1187 2781 1326 2871 probare

261 2905 415 2973 possum,
445 2879 561 2946 malim
578 2905 657 2947 sane
670 2881 815 2970 simplex
835 2879 956 2968 doduni.
998 2881 1155 2949 Reiskins
1170 2879 1325 2971 scriptum

261 2984 364 3050 fnisse
385 2995 517 3074 putat:
530 2980 582 3044 dul
604 2981 638 3047 cl
655 2979 810 3067 πρόδηλον
817 3010 829 3065 ,·
864 2980 976 3070 δρῶντι
995 3021 1054 3065 ·-,
1082 2983 1166 3071 quod
1189 3006 1258 3049 non
1280 2997 1326 3049 est

261 3081 511 3174 probabile.
467 3081 585 3149 -De
605 3080 761 3171 πρόδηλον
780 3084 851 3153 vid.
868 3086 908 3152 ad
930 3110 980 3153 or.
1002 3085 1042 3151 de
1064 3085 1188 3177 Pyrrh.
1211 3086 1323 3152 harad.

121 3265 125 3272 ι
263 3185 375 3278 ΜΘ.

347 3285 385 3374 ἦ.
407 3287 462 3350 32.
486 3280 570 3350 οἶκον
591 3286 624 3351 ἐκ
643 3291 700 3352 τοῦ
707 3293 857 3378 φανεροῦ
876 3294 1123 3374 τριηραρχοῦντα
1145 3283 1324 3376 ἀνῃρήκασι.

261 3388 408 3478 Apparet
429 3386 493 3451 hoc
509 3386 552 3451 lu
578 3393 636 3454 τοῦ
656 3396 801 3476 φανεροῦ
815 3415 881 3457 non
904 3391 944 3458 ad
973 3390 1151 3477 sprosed
1174 3387 1256 3456 ad'
1238 3415 1324 3478 ανῃρ.

262 3487 438 3580 pertinere.
483 3483 549 3553 Sed
570 3489 632 3557 illa
652 3494 831 3560 verborum
853 3493 1024 3559 collocatio
1047 3493 1118 3560 vim
1138 3491 1231 3588 addit
1250 3516 1325 3581 par·

139 3641 142 3647 -
262 3589 377 3678 ticipio
398 3587 565 3675 aliquanto
587 3590 764 3686 majoresne
796 3595 917 3660 ἅοναανα
938 3596 979 3659 dc
998 3596 1099 3658 teredio
1117 3631 1160 3643 -
1180 3605 1211 3658 et
1230 3597 1323 3659 talem

263 3691 386 3757 domum
403 3727 448 3740 ·-
466 3696 663 3762 mourut.

347 3791 404 3880 ἦ.
407 3795 460 3860 33.
490 3794 576 3880 παρὰ
604 3793 723 3864 τούτων
749 3799 848 3885 φίλων
875 3795 985 3864 ὄντων
1027 3795 1103 3864 Νοιι
1124 3798 1208 3866 alios
1229 3807 1325 3887 qnam

264 3892 495 3984 Pronapem'
465 3918 600 3986 ejusque
614 3921 754 3966 uxorem
767 3900 910 3988 intelligi
878 3899 1134 3968 emeniseslnm
1147 3917 1211 3985 est,
1228 3901 1327 3967 etiar'n

264 4021 309 4062 ex
327 4021 465 4085 nequae
485 3999 785 4069 statimedduntur.
829 4002 1002 4068 indefinito
1019 4023 1100 4090 ergo
1125 4000 1326 4091 pronomini,

263 4097 349 4184 qnod
380 4087 500 4165 Reisk.
521 4102 694 4220 reposuit,
726 4103 814 4202 nupsi
841 4128 917 4189 rou,
958 4104 1013 4170 hio
1045 4128 1112 4170 non
1144 4120 1193 4170 est
1216 4104 1325 4186 Ιοοοο,

263 4221 368 4288 neque
388 4199 563 4286 potuisset
566 4203 613 4270 ite
633 4204 845 4296 participium
866 4203 963 4272 οντων
984 4205 1072 4273 addi.
1116 4204 1216 4292 Quod
1237 4205 1328 4272 Bek-

264 4297 363 4364 kerus
378 4299 468 4366 dedit
483 4323 601 4372 verum
622 4307 711 4374 haud
733 4309 832 4376 dubie
853 4323 920 4396 est,
951 4323 983 4375 et
1003 4306 1041 4375 in
1062 4307 1230 4376 codicibus
1247 4287 1328 4395 quo-'-
