2942 4842
257 371 321 437 ιιι
531 347 536 360 ’
615 365 661 434 m
685 362 963 434 onsrronnn
1008 393 1026 425 -,

256 539 349 605 ribus
370 535 570 614 defenderit,
601 535 688 601 bona
706 558 820 602 eornm
837 509 1090 620 diligenlissime
1111 529 1324 598 administra·

256 639 361 722 verit,
390 638 541 727 ipsosque
566 659 695 703 summa
722 659 852 724 semper
878 631 1102 701 benivolentia
1129 647 1162 698 et
1186 632 1323 700 caritate

255 763 335 830 prae
375 739 490 805 ceteris
524 737 670 824 cognatis
710 725 883 826 amplexus
920 735 980 817 sit3
1016 750 1181 824 postremo
1219 757 1322 821 quum

160 841 163 850 ’
256 855 440 929 aegrotaret
473 852 676 925 mortemque
713 836 973 926 appropinquare
1007 835 1159 918 sentiret,
1196 835 1322 902 rescin-

257 942 370 1010 dendi·
386 940 571 1007 testamenti
600 961 697 1006 cansa
724 938 897 1005 mandasse
923 936 1124 1026 Posidippo,
1152 950 1198 1002 nt.
1216 960 1321 1005 nnnm

256 1070 274 1110 e
296 1041 558 1128 magistratibus,
586 1039 670 1130 apud
693 1062 773 1126 quos
793 1033 878 1105 illud
901 1038 1084 1128 depositum
1105 1051 1192 1121 erat,
1222 1037 1262 1104 ad
1284 1063 1321 1106 se

255 1158 446 1224 arcesseret,
478 1141 687 1228 quodquam
717 1139 776 1206 ille
797 1163 865 1206 non
894 1152 1064 1206 exsecutus
1086 1152 1186 1224 esset,
1219 1139 1318 1216 Cleo·

215 1261 218 1268 '
254 1269 397 1338 nymnm
422 1243 511 1310 idem
538 1242 574 1307 in
599 1257 769 1330 posterum
795 1239 883 1307 diem
904 1240 1017 1307 Diocli
1038 1241 1229 1326 mandasse,
1261 1244 1318 1309 sed

252 1346 407 1435 proxima
435 1358 529 1410 nocte
556 1343 664 1408 subita
691 1361 798 1410 morte
829 1341 1045 1432 interceptum
1077 1366 1159 1411 esse.
1180 1379 1224 1394 —
1252 1342 1319 1412 His

253 1471 354 1535 quum
375 1443 558 1512 adversarii
577 1442 737 1534 reponant
758 1442 979 1534 Cleonymum
1000 1457 1234 1510 testamentum·
1246 1469 1319 1513 ¹non

145 1605 149 1614 .
252 1539 439 1630 rescindere
468 1546 525 1613 sed
556 1546 723 1630 corrigere
751 1558 782 1611 et
808 1543 916 1632 magis
938 1547 1132 1614 confirmare
1158 1547 1318 1628 voluisse,

252 1673 317 1736 quo
348 1646 521 1714 certiorem
550 1645 632 1735 ipsis
662 1646 878 1713 hereditatem
911 1645 1129 1734 relinqueret,
1157 1648 1234 1740 ¹hoc
1263 1649 1319 1716 illi

250 1774 386 1841 prorsus
407 1747 600 1816 incredibile
622 1772 692 1816 csse
713 1748 948 1815 demonstrant.
997 1747 1082 1837 Ipsis
1105 1747 1196 1818 enim
1217 1749 1317 1818 Cleo·

250 1876 391 1942 nymnm
413 1865 515 1938 qnam
535 1865 647 1934 antea,
682 1866 754 1916 tum
767 1850 890 1936 ,mortis
910 1863 1057 1938 ternpore
1077 1850 1317 1920 amicissimum

248 1953 373 2036 fuisse,
401 1955 515 2018 eornm
538 1965 664 2036 antem,
695 1951 808 2038 quiin
829 1965 1021 2038 testamento
1042 1951 1178 2020 heredes
1200 1952 1317 2052 scripti

250 2068 376 2137 essent,
398 2053 566 2119 nonnullis
577 2051 843 2134 inimicissimam
850 2077 860 2134 3
882 2067 1149 2120 snmmaeantem
1166 2055 1316 2140 insaniae

249 2177 338 2238 esse,
367 2153 489 2221 amicos
505 2169 538 2221 et
550 2153 746 2242 cognatione
765 2152 936 2242 proximos
948 2154 1096 2238 laedere,
1124 2153 1167 2222 iis
1187 2173 1315 2238 autem,

249 2279 331 2343 qnos
352 2254 482 2340 oderis,
511 2256 716 2322 benefacere.
761 2254 890 2341 Quodsi
910 2256 997 2322 hanc
1017 2245 1196 2349 Cleonymi
1216 2283 1314 2327 men·

248 2373 316 2424 tem
341 2355 443 2426 inisse
475 2356 693 2440 contendant,
723 2355 878 2423 insanum
909 2380 984 2424 enm
1015 2358 1117 2426 fnisse
1148 2374 1312 2450 oportere,

247 2474 286 2524 nt
311 2461 367 2526 vel
386 2472 520 2552 propter
545 2459 632 2526 banc
653 2481 790 2526 causam
812 2473 1040 2526 testamentum
1061 2459 1131 2550 ejus
1151 2484 1171 2527 a
1191 2461 1313 2553 jndici-

248 2563 310 2628 bus
332 2558 474 2627 rescindi
500 2559 636 2650 parsit.
658 2596 702 2612 --
728 2559 877 2627 Omnino
899 2576 1007 2627 autem
1027 2561 1063 2627 in
1084 2561 1311 2654 adjudicandis

248 2663 487 2729 hereditatibus
513 2661 688 2728 meliorem
717 2685 831 2729 eorum
858 2663 1121 2730 causamuideri
1146 2683 1310 2756 oportere,

198 2791 201 2800 ·
248 2764 305 2852 qai
326 2787 370 2830 ex
390 2762 584 2850 cognatione
606 2786 703 2850 qnam
726 2762 781 2850 qni
804 2787 848 2829 ex
868 2779 1059 2832 testamento
1079 2781 1201 2855 petant.
1244 2769 1310 2842 Illa

246 2865 335 2930 enim
350 2864 456 2951 qualis
477 2864 538 2949 sit,
561 2865 603 2931 ab
624 2863 778 2931 omnibns
799 2864 897 2932 facile
915 2865 1055 2956 perspici
1071 2892 1183 2957 posse,
1211 2885 1310 2940 testa-

246 2981 358 3032 menta
386 2979 496 3032 antem
522 2959 755 3054 saepenumero
785 2965 884 3034 etiam
904 2969 988 3035 falsa
1009 2970 1170 3058 proferri,
1200 2973 1310 3040 omni-

118 3063 127 3108 ’·
245 3089 354 3154 noque
385 3068 426 3134 de
457 3065 530 3152 bis,
569 3081 658 3134 recte
687 3090 730 3134 sn
758 3091 850 3136 secus
876 3069 1048 3156 babeant,
1075 3071 1308 3144 difficillimum

88 3166 91 3174 ’
245 3191 315 3236 esse
335 3167 507 3258 judicium.

329 3269 517 3336 llaec-fere
545 3283 594 3338 est
621 3293 749 3338 summa
777 3295 909 3358 eornm,
938 3297 1020 3362 qnae
1046 3273 1131 3367 juris
1157 3278 1211 3345 sni
1229 3305 1308 3372 pro·

244 3370 347 3438 b‘andi
369 3395 465 3438 cansa
478 3372 705 3442 abactoribus
714 3376 743 3462 ⁸)
765 3377 997 3463 proferuntnr3
1024 3402 1107 3464 qnae
1127 3379 1208 3466 quin
1227 3383 1307 3450 satis

244 3473 356 3541 valida
376 3471 449 3540 visa
471 3472 538 3539 sint
557 3474 678 3543 Atticis
699 3475 881 3566 jndicibus,
908 3502 976 3545 non
997 3493 1047 3546 est
1068 3483 1154 3567 quod
1177 3482 1307 3558 dabite-

243 3599 334 3656 mns3
365 3574 441 3662 plns
463 3573 552 3642 enim
573 3577 643 3642 iere
665 3579 749 3666 apud
771 3579 832 3646 hoa
854 3580 1002 3668 aequitas,
1020 3605 1118 3669 qnam
1140 3582 1306 3655 tammum

240 3675 324 3741 illud
347 3672 399 3767 jos
425 3676 573 3762 valebat,
593 3678 693 3765 ¹qnod
715 3686 956 3769 nonnunquam*
978 3706 1141 3766 summam
1160 3709 1232 3753 essa
1252 3687 1306 3755 in·

240 3775 364 3868 juniam
391 3799 433 3842 nc
460 3775 534 3846 thi
560 3780 693 3867 quidem
720 3783 910 3852 diffitentur.
960 3784 1115 3856 Breviter
1139 3802 1249 3858 autem
1275 3803 1308 3856 et

248 3899 466 3912 ..n—*n-

229 3949 231 3960 '
257 3947 305 4018 ²*)
321 3925 435 4006 licebit
459 3947 554 4015 enim,
580 3966 688 4024 spero,
709 3921 843 4012 'actorem
860 3953 958 4014 dicere
974 3955 1022 4008 τὸν
1045 3959 1169 4028 tepores,
1196 3957 1262 4018 sice
1278 3959 1305 4016 is

307 4032 405 4104 petit,
431 4032 498 4091 sive
523 4040 623 4090 contra
649 4038 771 4096 alterius
788 4037 966 4110 petitionem
983 4041 1030 4112 ius
1047 4060 1134 4100 snum
1152 4043 1317 4116 defendit,
1335 4098 1343 4107 ,

310 4118 407 4189 qrrod,
433 4117 714 4178 licetRomancrnm
731 4125 803 4180 risui
816 4143 879 4180 non
898 4133 1132 4184 consentaneum
1140 4168 1153 4198 ‚
1178 4145 1241 4185 non
1256 4146 1304 4185 re·

309 4210 420 4276 pugnat
437 4207 536 4260 tamen
553 4206 701 4278 genuinae
717 4210 860 4270 vocabuli
873 4211 1095 4284 significationi.
1129 4217 1233 4285 Itaque
1250 4215 1304 4272 hnc

310 4287 448 4344 libertate
465 4285 552 4346 etiam
570 4289 601 4346 in
619 4309 724 4350 comen.
744 4293 775 4350 in
792 4295 923 4366 reliquas
941 4303 1028 4354 oratt.
1047 4304 1124 4356 nter.
1157 4327 1164 4344 ι
