2942 4842
423 389 488 459 nn
508 387 683 473 ιιιιιιιιι
701 389 1018 464 ιιιιιιιιιιιιιι.
1161 359 1250 466 ιιι

186 527 300 625 baisse
331 579 377 624 ex
403 581 442 626 eo
469 558 630 645 intelligi,
665 559 751 646 quod
779 585 947 650 nunquam
972 563 1053 631 vivo
1072 562 1181 632 Endto
1209 567 1249 634 de
1287 533 1292 546 .

187 658 304 726 uxoris
334 668 413 727 suae
441 659 622 728 hereditate
640 676 778 750 paterna
806 662 900 729 litem
920 663 1117 746 intenderit3
1148 689 1249 753 quum

188 761 383 850 praesertim
402 786 491 828 nunc
511 785 553 828 ne
574 761 762 868 adoptatum
780 763 914 851 quidem
933 713 1250 857 aPyrrhollndium

187 862 290 929 luisse
319 862 491 941 concedat,
533 865 669 949 eamque
700 865 742 930 oh
772 889 907 932 causam
935 865 1150 934 hereditatem
1181 881 1251 936 nou

187 979 354 1051 tamquam
381 965 578 1049 fraternam,
606 965 648 1030 ah
668 962 777 1032 Endio
798 967 965 1051 relictam,
993 967 1050 1034 sed
1081 982 1249 1055 tamquam

187 1079 359 1160 paternam
378 1065 479 1132 uxori
494 1090 572 1133 suae
592 1081 690 1156 petat.
733 1065 941 1135 Alterutrum
962 1068 1251 1138 euimsaciendu'm

187 1166 307 1234 fuisset
348 1183 424 1250 aut,
460 1167 491 1234 si
509 1167 659 1256 legitime
680 1167 964 1258 adoptatum-esse
984 1167 1128 1235 lindium
1149 1193 1250 1260 nega-

189 1283 262 1353 ret,
292 1268 356 1336 hoc
382 1269 463 1336 vivo
489 1268 703 1335 hereditatem
732 1269 885 1355 mulieri,
911 1284 948 1336 ut
967 1285 1160 1360 paternam,
1181 1285 1250 1357 aut,
1392 1331 1397 1346 „
1441 1330 1444 1339 .

188 1369 219 1436 si
249 1371 439 1436 concederet
467 1367 613 1436 Endium
642 1369 705 1436 rite
735 1369 923 1459 adoptatum
951 1394 1041 1457 esse,
1070 1395 1159 1437 nunc
1178 1386 1252 1462 post
1350 1419 1357 1432 .

121 1559 123 1570 Ι
190 1489 333 1537 mortem
362 1471 432 1560 ejus
458 1487 496 1537 ut
522 1471 704 1538 fraternam
731 1472 905 1560 petendam
932 1471 1045 1540 fuisse.
1097 1471 1190 1558 Quin
1220 1471 1251 1540 si
1362 1547 1365 1562 ³

190 1571 338 1658 legitima
360 1571 488 1663 Pyrrhi
507 1572 577 1638 lilia
598 1571 724 1638 mulier.
738 1586 842 1657 esset,
871 1597 910 1638 ne
931 1574 995 1640 hoe
1016 1563 1148 1660 quidem
1166 1572 1250 1639 laci·

190 1674 312 1739 endum
332 1673 454 1757 luisse,
484 1688 522 1738 ut
541 1673 733 1762 petitionem
752 1673 943 1742 hereditatis
970 1674 1006 1756 iq
1018 1673 1099 1766 ‘jure
1119 1674 1251 1750 institu-

191 1789 281 1858 eret,
302 1775 358 1841 sed
381 1770 558 1857 ἑμβατιῦσει
578 1798 606 1841 s.
628 1773 775 1864 ἔμβατείᾳ
796 1775 904 1865 potius
924 1777 1099 1860 utendum,
1131 1776 1172 1842 ad
1194 1798 1250 1840 oe-

190 1875 339 1964 eupeuda
360 1875 485 1942 scilicet
504 1876 591 1942 hona
611 1891 745 1966 paterna
756 1921 775 1968 ³.
794 1876 831 1942 in
847 1898 911 1961 qus
931 1875 961 1942 si
982 1875 1054 1962 quis
1075 1875 1252 1943 obstitisset

66 1999 70 2008 ·
189 1976 428 2063 mulieremque
460 1976 578 2068 ejicere
605 1994 739 2044 conatus
768 1991 870 2062 esset,
898 1977 987 2044 hunc
1007 1979 1062 2044 vel
1083 1977 1251 2066 εἰσαγγελίᾳ

190 2077 369 2170 poenisque
398 2077 602 2166 gravissimis
630 2076 814 2146 obnoxium
846 2078 959 2145 fuisse.
988 2112 1032 2128 —-
1063 2075 1140 2148 lam
1169 2099 1250 2146 vero

190 2180 371 2248 avunculos
403 2201 529 2266 qaoque
549 2178 693 2270 Pyrrhi,
722 2158 958 2272 Lysimeuem,
986 2175 1194 2247 Chaerouem
1218 2191 1251 2246 et

155 2337 160 2342 .
191 2279 430 2373 Pyladem,
401 2303 431 2347 ιι
452 2280 601 2369 legitima
621 2279 720 2350 Phile
742 2296 843 2364 esset,
875 2303 943 2347 non
962 2296 1116 2378 passuros
1135 2280 1249 2364 fuisse,
1370 2352 1373 2360 q

190 2397 229 2449 ut
249 2381 467 2449 a’Xenoele
454 2403 492 2448 ιιι
513 2377 761 2449 matrimonium
776 2384 965 2466 duceretur,
987 2405 1044 2469 qus
1033 2381 1157 2448 nulla
1176 2399 1251 2448 eam

191 2482 386 2569 cognatione
415 2484 636 2571 contingeret,
657 2472 754 2582 sed'
741 2507 832 2574 spsos
859 2483 967 2572 potius
987 2503 1060 2548 eam
1080 2481 1250 2572 petituros.

190 2585 304 2672 Neque
322 2583 466 2662 licere”
440 2609 482 2652 ns
497 2575 708 2684 praetexere,
736 2586 799 2652 hoc
811 2585 885 2652 ideo
906 2608 926 2650 s
946 2583 1151 2650 seomissum
1167 2605 1250 2670 esse,
1302 2599 1307 2629 ¹

193 2687 280 2774 quod
310 2686 479 2775 adoptatus
510 2686 684 2778 aPyrrho
710 2686 836 2754 lindius
866 2685 970 2768 soret,
1004 2684 1123 2774 quippe
1149 2706 1250 2771 quum

194 2787 323 2854 hauc
293 2811 419 2905 rpsam
440 2787 650 2878 adoptionem
679 2790 800 2856 factam
821 2810 891 2855 esse
911 2801 1043 2875 negent.
1087 2785 1130 2853 Et
1149 2784 1251 2852 luisse

193 2875 435 2978 adoptionem
422 2913 494 2990 ipso
520 2887 594 2980 jure
615 2891 741 2982 nullam
763 2903 858 2976 atque
877 2887 1026 2971 irritam,
1053 2911 1083 2954 ss
1072 2885 1251 2975 legitima

193 3004 279 3056 esset
307 2990 399 3074 lilia,
427 3013 531 3077 neque
557 2991 643 3057 hanc
673 2989 827 3094 adoptivo
847 2989 960 3056 lilio
947 3013 983 3057 ιιι
1005 2986 1270 3055 matrimonium

194 3090 377 3158 ducendam
403 3107 496 3192 pater
525 3085 730 3158 mandassets'
766 3092 979 3210 quamohrem
1002 3089 1155 3208 potuisse
1177 3112 1250 3154 eam

195 3215 216 3258 u
235 3193 426 3281 propinquis
447 3192 651 3280 cognationis
671 3191 744 3283 juse
764 3191 802 3257 in
822 3190 1069 3260 matrimonium
1090 3181 1251 3279 peti3sii1

193 3295 380 3361 mandasset
400 3293 483 3360 illud
504 3307 615 3384 pater,
644 3318 712 3360 non
733 3293 914 3384 oportuisse
934 3292 1114 3361 avunculos
1134 3313 1250 3356 eonce-

194 3395 291 3479 dere,
329 3410 367 3460 ut
393 3395 564 3485 adoptivus
592 3394 773 3477 hereditate
801 3411 894 3484 capta
922 3394 1026 3461 liliam
1052 3391 1250 3481 repudiaret.

194 3493 347 3582 Denique
368 3495 398 3562 si
417 3496 502 3562 sorte
522 3493 734 3564 haecomnia
753 3520 788 3563 se
808 3495 922 3563 insciis
942 3509 1033 3582 gesta
1054 3494 1096 3560 oh
1117 3515 1252 3579 eamque

195 3619 328 3664 oausam
347 3619 416 3665 nun
435 3595 591 3688 impedita
611 3621 681 3665 esse
702 3613 896 3682 causentur,
925 3597 1008 3665 illud
1035 3608 1147 3661 tamen
1166 3608 1254 3661 certe

194 3721 363 3784 nunquam
378 3721 433 3766 eos
449 3722 658 3768 concessuros
677 3700 798 3785 fuisse,
825 3711 862 3766 ut
877 3697 1000 3766 sororis
1015 3719 1092 3763 suae
1111 3711 1253 3785 neptem,
1329 3751 1333 3760 .

194 3797 354 3886 legitimis
374 3799 497 3891 nuptiis
518 3817 744 3894 procreatam,
767 3813 828 3891 pro
845 3799 957 3890 spuria
972 3797 1098 3865 Endius
1110 3795 1255 3865 Xenocli

83 3947 91 3962 .
197 3893 418 3990 desponsaret.
523 3961 524 3964 ,

281 4000 492 4070 Postremo
480 4027 589 4092 ipsum
618 4027 744 4091 quoque
748 4002 955 4094 Pyrrhum,
988 4023 1090 4088 quum
1109 3989 1256 4066 Endium

197 4100 384 4191 adoptaret,
414 4102 536 4171 Philen
566 4106 714 4193 spuriam
741 4103 933 4172 declarasse.
980 4102 1056 4199 Non
1085 4097 1192 4180 euim,
1226 4097 1256 4164 si

196 4202 347 4289 legitima
376 4219 476 4290 esset,
509 4207 614 4274 ullam
651 4205 744 4272 illins
769 4191 946 4296 adoptandi
977 4191 1109 4270 causam
1126 4197 1256 4281 luisse,
1342 4289 1346 4298 ¹

198 4325 306 4391 neque
324 4319 362 4371 ut
382 4305 547 4375 hereditas
567 4308 609 4375 sd
630 4306 753 4376 sororis
767 4329 846 4375 suae
864 4303 952 4373 filios
972 4299 1257 4472 tqqnsmitteretur,
